@onlynote{onlynoteexample1,
note = "A road network enhanced gate recurrent unit model for gather prediction in smart cities[J]. Wireless Communications and Mobile Computing, 2021: 1-11.（第一作者）",
}

@onlynote{onlynoteexample2,
note = "学业奖学金三等奖，2020年10月",
}

@onlynote{onlynoteexample3,
note = "学业奖学金二等奖，2021年10月",
}