
@article{DBLP:journals/wicomm/YuanTYZ21,
  author    = {\textbf{Mingchao Yuan} and
               Ling Tian and
               Ke Yan and
               Xu Zheng},
  title     = {A Road Network Enhanced Gate Recurrent Unit Model for Gather Prediction
               in Smart Cities},
  journal   = {Wireless Communications and Mobile Computing},
  volume    = {2021},
  pages     = {1--11},
  year      = {2021},
  url       = {https://doi.org/10.1155/2021/6030144},
  doi       = {10.1155/2021/6030144},
  timestamp = {Wed, 01 Sep 2021 12:44:38 +0200},
  biburl    = {https://dblp.org/rec/journals/wicomm/YuanTYZ21.bib},
  bibsource = {dblp computer science bibliography, https://dblp.org}
}

@onlynote{onlynoteexample4,
note = "物联网感知数据隐私保护关键技术研究，61802050，(参研)",
}

@onlynote{onlynoteexample5,
note = "面向多接入点的大容量长距离安全传输网络关键技术及应用，2021YFG0018，（参研）",
}

@onlynote{onlynoteexample6,
note = "人工智能概念体系架构图谱软件，200978，（参研）",
}

@onlynote{onlynoteexample7,
note = "学业奖学金三等奖，2020年10月",
}

@onlynote{onlynoteexample8,
note = "学业奖学金二等奖，2021年10月",
}