@onlynote{onlynoteexample1,
note = "A road network enhanced gate recurrent unit model for gather prediction in smart cities[J]. Wireless Communications and Mobile Computing, 2021: 1-11.（第一作者）",
}

@onlynote{onlynoteexample4,
note = "物联网感知数据隐私保护关键技术研究，61802050",
}

@onlynote{onlynoteexample5,
note = "面向多接入点的大容量长距离安全传输网络关键技术及应用，2021YFG0018",
}

@onlynote{onlynoteexample6,
note = "人工智能概念体系架构图谱软件，200978",
}

@onlynote{onlynoteexample7,
note = "学业奖学金三等奖，2020年10月",
}

@onlynote{onlynoteexample8,
note = "学业奖学金二等奖，2021年10月",
}