@article{DBLP:journals/bigdatama/SreenivasuluS20,
  author    = {Madichetty Sreenivasulu and
               M. Sridevi},
  title     = {Comparative study of statistical features to detect the target event
               during disaster},
  journal   = {Big Data Mining and Analytics},
  volume    = {3},
  number    = {2},
  pages     = {121--130},
  year      = {2020},
  url       = {https://doi.org/10.26599/BDMA.2019.9020021},
  doi       = {10.26599/BDMA.2019.9020021},
  timestamp = {Sat, 09 May 2020 15:15:36 +0200},
  biburl    = {https://dblp.org/rec/journals/bigdatama/SreenivasuluS20.bib},
  bibsource = {dblp computer science bibliography, https://dblp.org}
}


@article{DBLP:journals/computers/SejdiuIA21,
  author    = {Besmir Sejdiu and
               Florije Ismaili and
               Lule Ahmedi},
  title     = {IoTSAS: An Integrated System for Real-Time Semantic Annotation and
               Interpretation of IoT Sensor Stream Data},
  journal   = {Computers},
  volume    = {10},
  number    = {10},
  pages     = {127},
  year      = {2021},
  url       = {https://doi.org/10.3390/computers10100127},
  doi       = {10.3390/computers10100127},
  timestamp = {Sat, 08 Jan 2022 02:22:09 +0100},
  biburl    = {https://dblp.org/rec/journals/computers/SejdiuIA21.bib},
  bibsource = {dblp computer science bibliography, https://dblp.org}
}

@article{DBLP:journals/adhoc/SharmaJGC21,
  author    = {Parjanay Sharma and
               Siddhant Jain and
               Shashank Gupta and
               Vinay Chamola},
  title     = {Role of machine learning and deep learning in securing 5G-driven industrial
               IoT applications},
  journal   = {Ad Hoc Networks},
  volume    = {123},
  pages     = {102685},
  year      = {2021},
  url       = {https://doi.org/10.1016/j.adhoc.2021.102685},
  doi       = {10.1016/j.adhoc.2021.102685},
  timestamp = {Wed, 03 Nov 2021 08:26:28 +0100},
  biburl    = {https://dblp.org/rec/journals/adhoc/SharmaJGC21.bib},
  bibsource = {dblp computer science bibliography, https://dblp.org}
}

@article{DBLP:journals/complexity/ChaoHFWCLY21,
  author    = {Fan Chao and
               Zhiqin He and
               Renkuan Feng and
               Xiao Wang and
               Xiangping Chen and
               Changqi Li and
               Ying Yang},
  title     = {Predictive Trajectory-Based Mobile Data Gathering Scheme for Wireless
               Sensor Networks},
  journal   = {Complexity},
  volume    = {2021},
  pages     = {3941074:1--3941074:17},
  year      = {2021},
  url       = {https://doi.org/10.1155/2021/3941074},
  doi       = {10.1155/2021/3941074},
  timestamp = {Wed, 07 Apr 2021 16:00:36 +0200},
  biburl    = {https://dblp.org/rec/journals/complexity/ChaoHFWCLY21.bib},
  bibsource = {dblp computer science bibliography, https://dblp.org}
}

@article{DBLP:journals/pr/0007PPF21,
  author    = {Luca Rossi and
               Marina Paolanti and
               Roberto Pierdicca and
               Emanuele Frontoni},
  title     = {Human trajectory prediction and generation using {LSTM} models and
               GANs},
  journal   = {Pattern Recognition},
  volume    = {120},
  pages     = {108136},
  year      = {2021},
  url       = {https://doi.org/10.1016/j.patcog.2021.108136},
  doi       = {10.1016/j.patcog.2021.108136},
  timestamp = {Sat, 04 Sep 2021 14:48:11 +0200},
  biburl    = {https://dblp.org/rec/journals/pr/0007PPF21.bib},
  bibsource = {dblp computer science bibliography, https://dblp.org}
}

@article{DBLP:journals/eswa/LiuQ21,
  author    = {Xiaojing Liu and
               Xiaolin Qin},
  title     = {A neighborhood information utilization fireworks algorithm and its
               application to traffic flow prediction},
  journal   = {Expert Systems with Applications},
  volume    = {183},
  pages     = {115189},
  year      = {2021},
  url       = {https://doi.org/10.1016/j.eswa.2021.115189},
  doi       = {10.1016/j.eswa.2021.115189},
  timestamp = {Wed, 29 Sep 2021 17:30:30 +0200},
  biburl    = {https://dblp.org/rec/journals/eswa/LiuQ21.bib},
  bibsource = {dblp computer science bibliography, https://dblp.org}
}

@inproceedings{DBLP:conf/gistam/OsaragiH20,
  author    = {Toshihiro Osaragi and
               Ryo Hayasaka},
  editor    = {C{\'{e}}dric Grueau and
               Robert Laurini and
               Lemonia Ragia},
  title     = {Prediction of Spatiotemporal Distributions of Transient Urban Populations
               with Statistics Gathered by Cell Phones},
  booktitle = {Proceedings of the 6th International Conference on Geographical Information
               Systems Theory, Applications and Management, {GISTAM} 2020, Prague,
               Czech Republic},
  pages     = {33--44},
  publisher = {{SCITEPRESS}},
  year      = {2020},
  url       = {https://doi.org/10.5220/0009325700330044},
  doi       = {10.5220/0009325700330044},
  timestamp = {Thu, 14 Oct 2021 09:52:21 +0200},
  biburl    = {https://dblp.org/rec/conf/gistam/OsaragiH20.bib},
  bibsource = {dblp computer science bibliography, https://dblp.org}
}

@incollection{DBLP:books/sp/21/PretoMAMM21,
  author    = {Ant{\'{o}}nio J. Preto and
               Pedro Matos{-}Filipe and
               Jos{\'{e}} G. de Almeida and
               Joana Mour{\~{a}}o and
               Irina S. Moreira},
  editor    = {Hugh M. Cartwright},
  title     = {Predicting Hot Spots Using a Deep Neural Network Approach},
  booktitle = {Artificial Neural Networks - Third Edition},
  series    = {Methods in Molecular Biology},
  volume    = {2190},
  pages     = {267--288},
  publisher = {Springer},
  year      = {2021},
  url       = {https://doi.org/10.1007/978-1-0716-0826-5\_13},
  doi       = {10.1007/978-1-0716-0826-5\_13},
  timestamp = {Thu, 14 Oct 2021 08:45:52 +0200},
  biburl    = {https://dblp.org/rec/books/sp/21/PretoMAMM21.bib},
  bibsource = {dblp computer science bibliography, https://dblp.org}
}

@inproceedings{DBLP:conf/cec/LiuW21,
  author    = {Zhening Liu and
               Handing Wang},
  title     = {Improved Population Prediction Strategy for Dynamic Multi-Objective
               Optimization Algorithms Using Transfer Learning},
  booktitle = {{IEEE} Congress on Evolutionary Computation, {CEC} 2021, Krak{\'{o}}w,
               Poland},
  pages     = {103--110},
  publisher = {{IEEE}},
  year      = {2021},
  url       = {https://doi.org/10.1109/CEC45853.2021.9504877},
  doi       = {10.1109/CEC45853.2021.9504877},
  timestamp = {Thu, 12 Aug 2021 16:39:59 +0200},
  biburl    = {https://dblp.org/rec/conf/cec/LiuW21.bib},
  bibsource = {dblp computer science bibliography, https://dblp.org}
}

@article{DBLP:journals/ijon/AlassafiJA22,
  author    = {Madini O. Alassafi and
               Mutasem Jarrah and
               Reem Alotaibi},
  title     = {Time series predicting of {COVID-19} based on deep learning},
  journal   = {Neurocomputing},
  volume    = {468},
  pages     = {335--344},
  year      = {2022},
  url       = {https://doi.org/10.1016/j.neucom.2021.10.035},
  doi       = {10.1016/j.neucom.2021.10.035},
  timestamp = {Sat, 25 Dec 2021 15:50:36 +0100},
  biburl    = {https://dblp.org/rec/journals/ijon/AlassafiJA22.bib},
  bibsource = {dblp computer science bibliography, https://dblp.org}
}

@article{DBLP:journals/wc/WuISW21,
  author    = {Zi{-}Yang Wu and
               Muhammad Ismail and
               Erchin Serpedin and
               Jiao Wang},
  title     = {Artificial Intelligence for Smart Resource Management in Multi-User
               Mobile Heterogeneous RF-Light Networks},
  journal   = {{IEEE} Wireless Communications},
  volume    = {28},
  number    = {4},
  pages     = {152--158},
  year      = {2021},
  url       = {https://doi.org/10.1109/MWC.001.2000424},
  doi       = {10.1109/MWC.001.2000424},
  timestamp = {Mon, 20 Sep 2021 08:52:08 +0200},
  biburl    = {https://dblp.org/rec/journals/wc/WuISW21.bib},
  bibsource = {dblp computer science bibliography, https://dblp.org}
}

@article{DBLP:journals/jmlr/LuMT21,
  author    = {Fei Lu and
               Mauro Maggioni and
               Sui Tang},
  title     = {Learning interaction kernels in heterogeneous systems of agents from
               multiple trajectories},
  journal   = {Journal of Machine Learning Research},
  volume    = {22},
  pages     = {32:1--32:67},
  year      = {2021},
  url       = {http://jmlr.org/papers/v22/19-861.html},
  timestamp = {Wed, 10 Mar 2021 17:53:14 +0100},
  biburl    = {https://dblp.org/rec/journals/jmlr/LuMT21.bib},
  bibsource = {dblp computer science bibliography, https://dblp.org}
}

@article{DBLP:journals/tii/CaiZY19,
  author    = {Zhipeng Cai and
               Xu Zheng and
               Jiguo Yu},
  title     = {A Differential-Private Framework for Urban Traffic Flows Estimation
               via Taxi Companies},
  journal   = {{IEEE} Transactions on Industrial Informatics},
  volume    = {15},
  number    = {12},
  pages     = {6492--6499},
  year      = {2019},
  url       = {https://doi.org/10.1109/TII.2019.2911697},
  doi       = {10.1109/TII.2019.2911697},
  timestamp = {Thu, 20 Aug 2020 15:57:37 +0200},
  biburl    = {https://dblp.org/rec/journals/tii/CaiZY19.bib},
  bibsource = {dblp computer science bibliography, https://dblp.org}
}

@inproceedings{DBLP:conf/aaai/YaoTWZL19,
  author    = {Huaxiu Yao and
               Xianfeng Tang and
               Hua Wei and
               Guanjie Zheng and
               Zhenhui Li},
  title     = {Revisiting Spatial-Temporal Similarity: {A} Deep Learning Framework
               for Traffic Prediction},
  booktitle = {The Thirty-Third {AAAI} Conference on Artificial Intelligence, {AAAI}
               2019, Honolulu, Hawaii,
               USA},
  pages     = {5668--5675},
  publisher = {{AAAI} Press},
  year      = {2019},
  url       = {https://doi.org/10.1609/aaai.v33i01.33015668},
  doi       = {10.1609/aaai.v33i01.33015668},
  timestamp = {Tue, 02 Feb 2021 07:59:43 +0100},
  biburl    = {https://dblp.org/rec/conf/aaai/YaoTWZL19.bib},
  bibsource = {dblp computer science bibliography, https://dblp.org}
}

@inproceedings{DBLP:conf/aaai/GengLWZYYL19,
  author    = {Xu Geng and
               Yaguang Li and
               Leye Wang and
               Lingyu Zhang and
               Qiang Yang and
               Jieping Ye and
               Yan Liu},
  title     = {Spatiotemporal Multi-Graph Convolution Network for Ride-Hailing Demand
               Forecasting},
  booktitle = {The Thirty-Third {AAAI} Conference on Artificial Intelligence, {AAAI}
               2019, Honolulu, Hawaii,
               USA},
  pages     = {3656--3663},
  publisher = {{AAAI} Press},
  year      = {2019},
  url       = {https://doi.org/10.1609/aaai.v33i01.33013656},
  doi       = {10.1609/aaai.v33i01.33013656},
  timestamp = {Mon, 07 Jun 2021 08:46:46 +0200},
  biburl    = {https://dblp.org/rec/conf/aaai/GengLWZYYL19.bib},
  bibsource = {dblp computer science bibliography, https://dblp.org}
}

@inproceedings{DBLP:conf/aaai/LiZKXZ19,
  author    = {Youru Li and
               Zhenfeng Zhu and
               Deqiang Kong and
               Meixiang Xu and
               Yao Zhao},
  title     = {Learning Heterogeneous Spatial-Temporal Representation for Bike-Sharing
               Demand Prediction},
  booktitle = {The Thirty-Third {AAAI} Conference on Artificial Intelligence, {AAAI}
               2019, Honolulu, Hawaii,
               USA},
  pages     = {1004--1011},
  publisher = {{AAAI} Press},
  year      = {2019},
  url       = {https://doi.org/10.1609/aaai.v33i01.33011004},
  doi       = {10.1609/aaai.v33i01.33011004},
  timestamp = {Mon, 03 Jan 2022 22:18:12 +0100},
  biburl    = {https://dblp.org/rec/conf/aaai/LiZKXZ19.bib},
  bibsource = {dblp computer science bibliography, https://dblp.org}
}

@inproceedings{DBLP:conf/kdd/WeiZYL18,
  author    = {Hua Wei and
               Guanjie Zheng and
               Huaxiu Yao and
               Zhenhui Li},
  editor    = {Yike Guo and
               Faisal Farooq},
  title     = {IntelliLight: {A} Reinforcement Learning Approach for Intelligent
               Traffic Light Control},
  booktitle = {Proceedings of the 24th {ACM} {SIGKDD} International Conference on
               Knowledge Discovery {\&} Data Mining, {KDD} 2018, London, UK},
  pages     = {2496--2505},
  publisher = {{ACM}},
  year      = {2018},
  url       = {https://doi.org/10.1145/3219819.3220096},
  doi       = {10.1145/3219819.3220096},
  timestamp = {Tue, 30 Jun 2020 12:22:45 +0200},
  biburl    = {https://dblp.org/rec/conf/kdd/WeiZYL18.bib},
  bibsource = {dblp computer science bibliography, https://dblp.org}
}

@inproceedings{DBLP:conf/aaai/IwataS19a,
  author    = {Tomoharu Iwata and
               Hitoshi Shimizu},
  title     = {Neural Collective Graphical Models for Estimating Spatio-Temporal
               Population Flow from Aggregated Data},
  booktitle = {The Thirty-Third {AAAI} Conference on Artificial Intelligence, {AAAI}
               2019, Honolulu, Hawaii,
               USA},
  pages     = {3935--3942},
  publisher = {{AAAI} Press},
  year      = {2019},
  url       = {https://doi.org/10.1609/aaai.v33i01.33013935},
  doi       = {10.1609/aaai.v33i01.33013935},
  timestamp = {Tue, 02 Feb 2021 08:01:03 +0100},
  biburl    = {https://dblp.org/rec/conf/aaai/IwataS19a.bib},
  bibsource = {dblp computer science bibliography, https://dblp.org}
}

@article{DBLP:journals/tits/NiHG17,
  author    = {Ming Ni and
               Qing He and
               Jing Gao},
  title     = {Forecasting the Subway Passenger Flow Under Event Occurrences With
               Social Media},
  journal   = {{IEEE} Transactions on Intelligent Transportation Systems},
  volume    = {18},
  number    = {6},
  pages     = {1623--1632},
  year      = {2017},
  url       = {https://doi.org/10.1109/TITS.2016.2611644},
  doi       = {10.1109/TITS.2016.2611644},
  timestamp = {Tue, 24 Mar 2020 08:52:23 +0100},
  biburl    = {https://dblp.org/rec/journals/tits/NiHG17.bib},
  bibsource = {dblp computer science bibliography, https://dblp.org}
}

@article{DBLP:journals/vc/KumarBRLP17,
  author    = {Dheeraj Kumar and
               James C. Bezdek and
               Sutharshan Rajasegarar and
               Christopher Leckie and
               Marimuthu Palaniswami},
  title     = {A visual-numeric approach to clustering and anomaly detection for
               trajectory data},
  journal   = {The Visual Computer},
  volume    = {33},
  number    = {3},
  pages     = {265--281},
  year      = {2017},
  url       = {https://doi.org/10.1007/s00371-015-1192-x},
  doi       = {10.1007/s00371-015-1192-x},
  timestamp = {Thu, 04 Jun 2020 19:37:49 +0200},
  biburl    = {https://dblp.org/rec/journals/vc/KumarBRLP17.bib},
  bibsource = {dblp computer science bibliography, https://dblp.org}
}

@inproceedings{DBLP:conf/eurocast/Moreno-DiazVMI03,
  author    = {Arminda Moreno{-}D{\'{\i}}az and
               Miguel A. Virto and
               Jacinto Mart{\'{\i}}n and
               David R{\'{\i}}os Insua},
  editor    = {Roberto Moreno{-}D{\'{\i}}az and
               Franz Pichler},
  title     = {Approximate Solutions to Semi Markov Decision Processes through Markov
               Chain Montecarlo Methods},
  booktitle = {Computer Aided Systems Theory - {EUROCAST} 2003, 9th International
               Workshop on Computer Aided Systems Theory, Las Palmas de Gran Canaria,
               Spain},
  series    = {Lecture Notes in Computer Science},
  volume    = {2809},
  pages     = {151--162},
  publisher = {Springer},
  year      = {2003},
  url       = {https://doi.org/10.1007/978-3-540-45210-2\_15},
  doi       = {10.1007/978-3-540-45210-2\_15},
  timestamp = {Thu, 14 Oct 2021 10:16:09 +0200},
  biburl    = {https://dblp.org/rec/conf/eurocast/Moreno-DiazVMI03.bib},
  bibsource = {dblp computer science bibliography, https://dblp.org}
}

@article{DBLP:journals/jair/BegleiterEY04,
  author    = {Ron Begleiter and
               Ran El{-}Yaniv and
               Golan Yona},
  title     = {On Prediction Using Variable Order Markov Models},
  journal   = {Journal of Artificial Intelligence Research},
  volume    = {22},
  pages     = {385--421},
  year      = {2004},
  url       = {https://doi.org/10.1613/jair.1491},
  doi       = {10.1613/jair.1491},
  timestamp = {Mon, 21 Jan 2019 15:01:18 +0100},
  biburl    = {https://dblp.org/rec/journals/jair/BegleiterEY04.bib},
  bibsource = {dblp computer science bibliography, https://dblp.org}
}

@inproceedings{DBLP:conf/www/RendleFS10,
  author    = {Steffen Rendle and
               Christoph Freudenthaler and
               Lars Schmidt{-}Thieme},
  editor    = {Michael Rappa and
               Paul Jones and
               Juliana Freire and
               Soumen Chakrabarti},
  title     = {Factorizing personalized Markov chains for next-basket recommendation},
  booktitle = {Proceedings of the 19th International Conference on World Wide Web,
               {WWW} 2010, Raleigh, North Carolina, USA},
  pages     = {811--820},
  publisher = {{ACM}},
  year      = {2010},
  url       = {https://doi.org/10.1145/1772690.1772773},
  doi       = {10.1145/1772690.1772773},
  timestamp = {Sun, 02 Jun 2019 21:15:58 +0200},
  biburl    = {https://dblp.org/rec/conf/www/RendleFS10.bib},
  bibsource = {dblp computer science bibliography, https://dblp.org}
}

@inproceedings{DBLP:conf/ijcai/ChengYLK13,
  author    = {Chen Cheng and
               Haiqin Yang and
               Michael R. Lyu and
               Irwin King},
  editor    = {Francesca Rossi},
  title     = {Where You Like to Go Next: Successive Point-of-Interest Recommendation},
  booktitle = {{IJCAI} 2013, Proceedings of the 23rd International Joint Conference
               on Artificial Intelligence, Beijing, China},
  pages     = {2605--2611},
  publisher = {{IJCAI/AAAI}},
  year      = {2013},
  url       = {http://www.aaai.org/ocs/index.php/IJCAI/IJCAI13/paper/view/6633},
  timestamp = {Tue, 20 Aug 2019 16:16:37 +0200},
  biburl    = {https://dblp.org/rec/conf/ijcai/ChengYLK13.bib},
  bibsource = {dblp computer science bibliography, https://dblp.org}
}

@inproceedings{DBLP:conf/ijcai/FengLZCCY15,
  author    = {Shanshan Feng and
               Xutao Li and
               Yifeng Zeng and
               Gao Cong and
               Yeow Meng Chee and
               Quan Yuan},
  editor    = {Qiang Yang and
               Michael J. Wooldridge},
  title     = {Personalized Ranking Metric Embedding for Next New {POI} Recommendation},
  booktitle = {Proceedings of the Twenty-Fourth International Joint Conference on
               Artificial Intelligence, {IJCAI} 2015, Buenos Aires, Argentina},
  pages     = {2069--2075},
  publisher = {{AAAI} Press},
  year      = {2015},
  url       = {http://ijcai.org/Abstract/15/293},
  timestamp = {Tue, 20 Aug 2019 16:19:02 +0200},
  biburl    = {https://dblp.org/rec/conf/ijcai/FengLZCCY15.bib},
  bibsource = {dblp computer science bibliography, https://dblp.org}
}

@inproceedings{DBLP:conf/cikm/XieYWXCW16,
  author    = {Min Xie and
               Hongzhi Yin and
               Hao Wang and
               Fanjiang Xu and
               Weitong Chen and
               Sen Wang},
  editor    = {Snehasis Mukhopadhyay and
               ChengXiang Zhai and
               Elisa Bertino and
               Fabio Crestani and
               Javed Mostafa and
               Jie Tang and
               Luo Si and
               Xiaofang Zhou and
               Yi Chang and
               Yunyao Li and
               Parikshit Sondhi},
  title     = {Learning Graph-based {POI} Embedding for Location-based Recommendation},
  booktitle = {Proceedings of the 25th {ACM} International Conference on Information
               and Knowledge Management, {CIKM} 2016, Indianapolis, IN, USA},
  pages     = {15--24},
  publisher = {{ACM}},
  year      = {2016},
  url       = {https://doi.org/10.1145/2983323.2983711},
  doi       = {10.1145/2983323.2983711},
  timestamp = {Tue, 22 Dec 2020 13:54:17 +0100},
  biburl    = {https://dblp.org/rec/conf/cikm/XieYWXCW16.bib},
  bibsource = {dblp computer science bibliography, https://dblp.org}
}

@inproceedings{DBLP:conf/mm/WangW14,
  author    = {Xinxi Wang and
               Ye Wang},
  editor    = {Kien A. Hua and
               Yong Rui and
               Ralf Steinmetz and
               Alan Hanjalic and
               Apostol Natsev and
               Wenwu Zhu},
  title     = {Improving Content-based and Hybrid Music Recommendation using Deep
               Learning},
  booktitle = {Proceedings of the {ACM} International Conference on Multimedia, {MM}
               '14, Orlando, FL, USA},
  pages     = {627--636},
  publisher = {{ACM}},
  year      = {2014},
  url       = {https://doi.org/10.1145/2647868.2654940},
  doi       = {10.1145/2647868.2654940},
  timestamp = {Tue, 28 Apr 2020 13:45:07 +0200},
  biburl    = {https://dblp.org/rec/conf/mm/WangW14.bib},
  bibsource = {dblp computer science bibliography, https://dblp.org}
}

@inproceedings{DBLP:conf/kdd/ZhangYLXM16,
  author    = {Fuzheng Zhang and
               Nicholas Jing Yuan and
               Defu Lian and
               Xing Xie and
               Wei{-}Ying Ma},
  editor    = {Balaji Krishnapuram and
               Mohak Shah and
               Alexander J. Smola and
               Charu C. Aggarwal and
               Dou Shen and
               Rajeev Rastogi},
  title     = {Collaborative Knowledge Base Embedding for Recommender Systems},
  booktitle = {Proceedings of the 22nd {ACM} {SIGKDD} International Conference on
               Knowledge Discovery and Data Mining, San Francisco, CA, USA},
  pages     = {353--362},
  publisher = {{ACM}},
  year      = {2016},
  url       = {https://doi.org/10.1145/2939672.2939673},
  doi       = {10.1145/2939672.2939673},
  timestamp = {Thu, 14 Oct 2021 09:50:03 +0200},
  biburl    = {https://dblp.org/rec/conf/kdd/ZhangYLXM16.bib},
  bibsource = {dblp computer science bibliography, https://dblp.org}
}

@inproceedings{DBLP:conf/www/HeLZNHC17,
  author    = {Xiangnan He and
               Lizi Liao and
               Hanwang Zhang and
               Liqiang Nie and
               Xia Hu and
               Tat{-}Seng Chua},
  editor    = {Rick Barrett and
               Rick Cummings and
               Eugene Agichtein and
               Evgeniy Gabrilovich},
  title     = {Neural Collaborative Filtering},
  booktitle = {Proceedings of the 26th International Conference on World Wide Web,
               {WWW} 2017, Perth, Australia},
  pages     = {173--182},
  publisher = {{ACM}},
  year      = {2017},
  url       = {https://doi.org/10.1145/3038912.3052569},
  doi       = {10.1145/3038912.3052569},
  timestamp = {Mon, 03 Jan 2022 22:21:34 +0100},
  biburl    = {https://dblp.org/rec/conf/www/HeLZNHC17.bib},
  bibsource = {dblp computer science bibliography, https://dblp.org}
}

@article{DBLP:journals/ijon/CuiWHW19,
  author    = {Qiang Cui and
               Shu Wu and
               Yan Huang and
               Liang Wang},
  title     = {A hierarchical contextual attention-based network for sequential recommendation},
  journal   = {Neurocomputing},
  volume    = {358},
  pages     = {141--149},
  year      = {2019},
  url       = {https://doi.org/10.1016/j.neucom.2019.04.073},
  doi       = {10.1016/j.neucom.2019.04.073},
  timestamp = {Thu, 03 Sep 2020 11:57:48 +0200},
  biburl    = {https://dblp.org/rec/journals/ijon/CuiWHW19.bib},
  bibsource = {dblp computer science bibliography, https://dblp.org}
}

@inproceedings{DBLP:conf/interspeech/MikolovKBCK10,
  author    = {Tom{\'{a}}s Mikolov and
               Martin Karafi{\'{a}}t and
               Luk{\'{a}}s Burget and
               Jan Cernock{\'{y}} and
               Sanjeev Khudanpur},
  editor    = {Takao Kobayashi and
               Keikichi Hirose and
               Satoshi Nakamura},
  title     = {Recurrent neural network based language model},
  booktitle = {{INTERSPEECH} 2010, 11th Annual Conference of the International Speech
               Communication Association, Makuhari, Chiba, Japan},
  pages     = {1045--1048},
  publisher = {{ISCA}},
  year      = {2010},
  url       = {http://www.isca-speech.org/archive/interspeech\_2010/i10\_1045.html},
  timestamp = {Tue, 16 Nov 2021 11:37:23 +0100},
  biburl    = {https://dblp.org/rec/conf/interspeech/MikolovKBCK10.bib},
  bibsource = {dblp computer science bibliography, https://dblp.org}
}

@article{DBLP:journals/neco/HochreiterS97,
  author    = {Sepp Hochreiter and
               J{\"{u}}rgen Schmidhuber},
  title     = {Long Short-Term Memory},
  journal   = {Neural Computation},
  volume    = {9},
  number    = {8},
  pages     = {1735--1780},
  year      = {1997},
  url       = {https://doi.org/10.1162/neco.1997.9.8.1735},
  doi       = {10.1162/neco.1997.9.8.1735},
  timestamp = {Tue, 01 Sep 2020 13:12:40 +0200},
  biburl    = {https://dblp.org/rec/journals/neco/HochreiterS97.bib},
  bibsource = {dblp computer science bibliography, https://dblp.org}
}

@inproceedings{DBLP:conf/emnlp/ChoMGBBSB14,
  author    = {Kyunghyun Cho and
               Bart van Merrienboer and
               {\c{C}}aglar G{\"{u}}l{\c{c}}ehre and
               Dzmitry Bahdanau and
               Fethi Bougares and
               Holger Schwenk and
               Yoshua Bengio},
  editor    = {Alessandro Moschitti and
               Bo Pang and
               Walter Daelemans},
  title     = {Learning Phrase Representations using {RNN} Encoder-Decoder for Statistical
               Machine Translation},
  booktitle = {Proceedings of the 2014 Conference on Empirical Methods in Natural
               Language Processing, {EMNLP} 2014},
  pages     = {1724--1734},
  publisher = {{ACL}},
  year      = {2014},
  url       = {https://doi.org/10.3115/v1/d14-1179},
  doi       = {10.3115/v1/d14-1179},
  timestamp = {Fri, 06 Aug 2021 00:40:23 +0200},
  biburl    = {https://dblp.org/rec/conf/emnlp/ChoMGBBSB14.bib},
  bibsource = {dblp computer science bibliography, https://dblp.org}
}

@inproceedings{DBLP:conf/aaai/LiuWWT16,
  author    = {Qiang Liu and
               Shu Wu and
               Liang Wang and
               Tieniu Tan},
  editor    = {Dale Schuurmans and
               Michael P. Wellman},
  title     = {Predicting the Next Location: {A} Recurrent Model with Spatial and
               Temporal Contexts},
  booktitle = {Proceedings of the Thirtieth {AAAI} Conference on Artificial Intelligence, Phoenix, Arizona, {USA}},
  pages     = {194--200},
  publisher = {{AAAI} Press},
  year      = {2016},
  url       = {http://www.aaai.org/ocs/index.php/AAAI/AAAI16/paper/view/11900},
  timestamp = {Wed, 10 Feb 2021 08:44:59 +0100},
  biburl    = {https://dblp.org/rec/conf/aaai/LiuWWT16.bib},
  bibsource = {dblp computer science bibliography, https://dblp.org}
}

@inproceedings{DBLP:conf/ssci/Al-MolegiJG16,
  author    = {Abdulrahman Al{-}Molegi and
               Mohammed Jabreel and
               Baraq Ghaleb},
  title     = {{STF-RNN:} Space Time Features-based Recurrent Neural Network for
               predicting people next location},
  booktitle = {2016 {IEEE} Symposium Series on Computational Intelligence, {SSCI}
               2016, Athens, Greece},
  pages     = {1--7},
  publisher = {{IEEE}},
  year      = {2016},
  url       = {https://doi.org/10.1109/SSCI.2016.7849919},
  doi       = {10.1109/SSCI.2016.7849919},
  timestamp = {Wed, 16 Oct 2019 14:14:56 +0200},
  biburl    = {https://dblp.org/rec/conf/ssci/Al-MolegiJG16.bib},
  bibsource = {dblp computer science bibliography, https://dblp.org}
}

@inproceedings{DBLP:conf/wsdm/KurashimaIHTF13,
  author    = {Takeshi Kurashima and
               Tomoharu Iwata and
               Takahide Hoshide and
               Noriko Takaya and
               Ko Fujimura},
  editor    = {Stefano Leonardi and
               Alessandro Panconesi and
               Paolo Ferragina and
               Aristides Gionis},
  title     = {Geo topic model: joint modeling of user's activity area and interests
               for location recommendation},
  booktitle = {Sixth {ACM} International Conference on Web Search and Data Mining,
               {WSDM} 2013, Rome, Italy},
  pages     = {375--384},
  publisher = {{ACM}},
  year      = {2013},
  url       = {https://doi.org/10.1145/2433396.2433444},
  doi       = {10.1145/2433396.2433444},
  timestamp = {Tue, 21 May 2019 11:38:33 +0200},
  biburl    = {https://dblp.org/rec/conf/wsdm/KurashimaIHTF13.bib},
  bibsource = {dblp computer science bibliography, https://dblp.org}
}

@inproceedings{DBLP:conf/aaai/Liu0XYWS20,
  author    = {Zhicheng Liu and
               Fabio Miranda and
               Weiting Xiong and
               Junyan Yang and
               Qiao Wang and
               Cl{\'{a}}udio T. Silva},
  title     = {Learning Geo-Contextual Embeddings for Commuting Flow Prediction},
  booktitle = {The Thirty-Fourth {AAAI} Conference on Artificial Intelligence, {AAAI}
               2020, New York, USA},
  pages     = {808--816},
  publisher = {{AAAI} Press},
  year      = {2020},
  url       = {https://aaai.org/ojs/index.php/AAAI/article/view/5425},
  timestamp = {Tue, 02 Feb 2021 08:00:15 +0100},
  biburl    = {https://dblp.org/rec/conf/aaai/Liu0XYWS20.bib},
  bibsource = {dblp computer science bibliography, https://dblp.org}
}

@inproceedings{DBLP:conf/ijcai/Kong018,
  author    = {Dejiang Kong and
               Fei Wu},
  editor    = {J{\'{e}}r{\^{o}}me Lang},
  title     = {{HST-LSTM:} {A} Hierarchical Spatial-Temporal Long-Short Term Memory
               Network for Location Prediction},
  booktitle = {Proceedings of the Twenty-Seventh International Joint Conference on
               Artificial Intelligence, {IJCAI} 2018, Stockholm,
               Sweden},
  pages     = {2341--2347},
  publisher = {ijcai.org},
  year      = {2018},
  url       = {https://doi.org/10.24963/ijcai.2018/324},
  doi       = {10.24963/ijcai.2018/324},
  timestamp = {Tue, 20 Aug 2019 16:19:08 +0200},
  biburl    = {https://dblp.org/rec/conf/ijcai/Kong018.bib},
  bibsource = {dblp computer science bibliography, https://dblp.org}
}

@inproceedings{DBLP:conf/aaai/ZhaoZLXLZSZ19,
  author    = {Pengpeng Zhao and
               Haifeng Zhu and
               Yanchi Liu and
               Jiajie Xu and
               Zhixu Li and
               Fuzhen Zhuang and
               Victor S. Sheng and
               Xiaofang Zhou},
  title     = {Where to Go Next: {A} Spatio-Temporal Gated Network for Next {POI}
               Recommendation},
  booktitle = {The Thirty-Third {AAAI} Conference on Artificial Intelligence, {AAAI}
               2019, Honolulu, Hawaii,
               USA},
  pages     = {5877--5884},
  publisher = {{AAAI} Press},
  year      = {2019},
  url       = {https://doi.org/10.1609/aaai.v33i01.33015877},
  doi       = {10.1609/aaai.v33i01.33015877},
  timestamp = {Tue, 02 Feb 2021 08:00:35 +0100},
  biburl    = {https://dblp.org/rec/conf/aaai/ZhaoZLXLZSZ19.bib},
  bibsource = {dblp computer science bibliography, https://dblp.org}
}

@article{DBLP:journals/tnn/BengioSF94,
  author    = {Yoshua Bengio and
               Patrice Y. Simard and
               Paolo Frasconi},
  title     = {Learning long-term dependencies with gradient descent is difficult},
  journal   = {{IEEE} Transactions on Neural Networks},
  volume    = {5},
  number    = {2},
  pages     = {157--166},
  year      = {1994},
  url       = {https://doi.org/10.1109/72.279181},
  doi       = {10.1109/72.279181},
  timestamp = {Wed, 14 Nov 2018 10:32:39 +0100},
  biburl    = {https://dblp.org/rec/journals/tnn/BengioSF94.bib},
  bibsource = {dblp computer science bibliography, https://dblp.org}
}

@inproceedings{DBLP:conf/iclr/LiYS018,
  author    = {Yaguang Li and
               Rose Yu and
               Cyrus Shahabi and
               Yan Liu},
  title     = {Diffusion Convolutional Recurrent Neural Network: Data-Driven Traffic
               Forecasting},
  booktitle = {6th International Conference on Learning Representations, {ICLR} 2018,
               Vancouver, BC, Canada},
  publisher = {OpenReview.net},
  year      = {2018},
  pages     = {1--16},
  url       = {https://openreview.net/forum?id=SJiHXGWAZ},
  timestamp = {Thu, 25 Jul 2019 14:25:46 +0200},
  biburl    = {https://dblp.org/rec/conf/iclr/LiYS018.bib},
  bibsource = {dblp computer science bibliography, https://dblp.org}
}

@inproceedings{DBLP:conf/interspeech/MikolovKBCK10,
  author    = {Tom{\'{a}}s Mikolov and
               Martin Karafi{\'{a}}t and
               Luk{\'{a}}s Burget and
               Jan Cernock{\'{y}} and
               Sanjeev Khudanpur},
  editor    = {Takao Kobayashi and
               Keikichi Hirose and
               Satoshi Nakamura},
  title     = {Recurrent neural network based language model},
  booktitle = {{INTERSPEECH} 2010, 11th Annual Conference of the International Speech
               Communication Association, Makuhari, Chiba, Japan},
  pages     = {1045--1048},
  publisher = {{ISCA}},
  year      = {2010},
  url       = {http://www.isca-speech.org/archive/interspeech\_2010/i10\_1045.html},
  timestamp = {Tue, 16 Nov 2021 11:37:23 +0100},
  biburl    = {https://dblp.org/rec/conf/interspeech/MikolovKBCK10.bib},
  bibsource = {dblp computer science bibliography, https://dblp.org}
}

@article{DBLP:journals/tits/ZhaoSZLWLDL20,
  author    = {Ling Zhao and
               Yujiao Song and
               Chao Zhang and
               Yu Liu and
               Pu Wang and
               Tao Lin and
               Min Deng and
               Haifeng Li},
  title     = {{T-GCN:} {A} Temporal Graph Convolutional Network for Traffic Prediction},
  journal   = {{IEEE} Transactions on Intelligent Transportation Systems},
  volume    = {21},
  number    = {9},
  pages     = {3848--3858},
  year      = {2020},
  url       = {https://doi.org/10.1109/TITS.2019.2935152},
  doi       = {10.1109/TITS.2019.2935152},
  timestamp = {Wed, 09 Jun 2021 17:42:09 +0200},
  biburl    = {https://dblp.org/rec/journals/tits/ZhaoSZLWLDL20.bib},
  bibsource = {dblp computer science bibliography, https://dblp.org}
}

@inproceedings{DBLP:conf/ijcai/YuYZ18,
  author    = {Bing Yu and
               Haoteng Yin and
               Zhanxing Zhu},
  editor    = {J{\'{e}}r{\^{o}}me Lang},
  title     = {Spatio-Temporal Graph Convolutional Networks: {A} Deep Learning Framework
               for Traffic Forecasting},
  booktitle = {Proceedings of the Twenty-Seventh International Joint Conference on
               Artificial Intelligence, {IJCAI} 2018, Stockholm,
               Sweden},
  pages     = {3634--3640},
  publisher = {ijcai.org},
  year      = {2018},
  url       = {https://doi.org/10.24963/ijcai.2018/505},
  doi       = {10.24963/ijcai.2018/505},
  timestamp = {Tue, 20 Aug 2019 16:19:08 +0200},
  biburl    = {https://dblp.org/rec/conf/ijcai/YuYZ18.bib},
  bibsource = {dblp computer science bibliography, https://dblp.org}
}

@inproceedings{DBLP:conf/icip/KamataB97,
  author    = {Sei{-}ichiro Kamata and
               Yukihiro Bandoh},
  title     = {An Address Generator of a Pseudo-Hilbert Scan in a Rectangle Region},
  booktitle = {Proceedings 1997 International Conference on Image Processing, {ICIP}
               '97, Santa Barbara, California, USA},
  pages     = {707--710},
  publisher = {{IEEE} Computer Society},
  year      = {1997},
  url       = {https://doi.org/10.1109/ICIP.1997.648017},
  doi       = {10.1109/ICIP.1997.648017},
  timestamp = {Wed, 16 Oct 2019 14:14:52 +0200},
  biburl    = {https://dblp.org/rec/conf/icip/KamataB97.bib},
  bibsource = {dblp computer science bibliography, https://dblp.org}
}

@article{DBLP:journals/tip/KamataEB99,
  author    = {Sei{-}ichiro Kamata and
               Richard O. Eason and
               Yukihiro Bandoh},
  title     = {A new algorithm for N-dimensional Hilbert scanning},
  journal   = {{IEEE} Transactions on Image Processing},
  volume    = {8},
  number    = {7},
  pages     = {964--973},
  year      = {1999},
  url       = {https://doi.org/10.1109/83.772242},
  doi       = {10.1109/83.772242},
  timestamp = {Sun, 10 May 2020 21:18:18 +0200},
  biburl    = {https://dblp.org/rec/journals/tip/KamataEB99.bib},
  bibsource = {dblp computer science bibliography, https://dblp.org}
}

@inproceedings{DBLP:conf/iwicpas/ZhangKU06,
  author    = {Jian Zhang and
               Sei{-}ichiro Kamata and
               Yoshifumi Ueshige},
  editor    = {Nanning Zheng and
               Xiaoyi Jiang and
               Xuguang Lan},
  title     = {A Pseudo-hilbert Scan Algorithm for Arbitrarily-Sized Rectangle Region},
  booktitle = {International Workshop on Intelligent Computing in Pattern Analysis/Synthesis,
               {IWICPAS} 2006, Xi'an, China},
  series    = {Lecture Notes in Computer Science},
  volume    = {4153},
  pages     = {290--299},
  publisher = {Springer},
  year      = {2006},
  url       = {https://doi.org/10.1007/11821045\_31},
  doi       = {10.1007/11821045\_31},
  timestamp = {Wed, 09 Sep 2020 14:23:59 +0200},
  biburl    = {https://dblp.org/rec/conf/iwicpas/ZhangKU06.bib},
  bibsource = {dblp computer science bibliography, https://dblp.org}
}

@article{DBLP:journals/ijgi/LinB17,
  author    = {Jingyi Lin and
               Yifang Ban},
  title     = {Comparative Analysis on Topological Structures of Urban Street Networks},
  journal   = {{ISPRS} International Journal of Geo-Information},
  volume    = {6},
  number    = {10},
  pages     = {295},
  year      = {2017},
  url       = {https://doi.org/10.3390/ijgi6100295},
  doi       = {10.3390/ijgi6100295},
  timestamp = {Thu, 29 Jul 2021 13:40:41 +0200},
  biburl    = {https://dblp.org/rec/journals/ijgi/LinB17.bib},
  bibsource = {dblp computer science bibliography, https://dblp.org}
}

@inproceedings{DBLP:conf/iclr/KipfW17,
  author    = {Thomas N. Kipf and
               Max Welling},
  title     = {Semi-Supervised Classification with Graph Convolutional Networks},
  booktitle = {5th International Conference on Learning Representations, {ICLR} 2017,
               Toulon, France},
  publisher = {OpenReview.net},
  year      = {2017},
  pages     = {1--14},
  url       = {https://openreview.net/forum?id=SJU4ayYgl},
  timestamp = {Thu, 25 Jul 2019 14:25:55 +0200},
  biburl    = {https://dblp.org/rec/conf/iclr/KipfW17.bib},
  bibsource = {dblp computer science bibliography, https://dblp.org}
}

@inproceedings{DBLP:conf/icml/NiepertAK16,
  author    = {Mathias Niepert and
               Mohamed Ahmed and
               Konstantin Kutzkov},
  editor    = {Maria{-}Florina Balcan and
               Kilian Q. Weinberger},
  title     = {Learning Convolutional Neural Networks for Graphs},
  booktitle = {Proceedings of the 33nd International Conference on Machine Learning,
               {ICML} 2016, New York City, NY, USA},
  series    = {{JMLR} Workshop and Conference Proceedings},
  volume    = {48},
  pages     = {2014--2023},
  publisher = {JMLR.org},
  year      = {2016},
  url       = {http://proceedings.mlr.press/v48/niepert16.html},
  timestamp = {Wed, 29 May 2019 08:41:46 +0200},
  biburl    = {https://dblp.org/rec/conf/icml/NiepertAK16.bib},
  bibsource = {dblp computer science bibliography, https://dblp.org}
}

@article{DBLP:journals/spm/ShumanNFOV13,
  author    = {David I. Shuman and
               Sunil K. Narang and
               Pascal Frossard and
               Antonio Ortega and
               Pierre Vandergheynst},
  title     = {The Emerging Field of Signal Processing on Graphs: Extending High-Dimensional
               Data Analysis to Networks and Other Irregular Domains},
  journal   = {{IEEE} Signal Processing Magazine},
  volume    = {30},
  number    = {3},
  pages     = {83--98},
  year      = {2013},
  url       = {https://doi.org/10.1109/MSP.2012.2235192},
  doi       = {10.1109/MSP.2012.2235192},
  timestamp = {Wed, 14 Nov 2018 10:43:23 +0100},
  biburl    = {https://dblp.org/rec/journals/spm/ShumanNFOV13.bib},
  bibsource = {dblp computer science bibliography, https://dblp.org}
}

@inproceedings{DBLP:conf/nips/DefferrardBV16,
  author    = {Micha{\"{e}}l Defferrard and
               Xavier Bresson and
               Pierre Vandergheynst},
  editor    = {Daniel D. Lee and
               Masashi Sugiyama and
               Ulrike von Luxburg and
               Isabelle Guyon and
               Roman Garnett},
  title     = {Convolutional Neural Networks on Graphs with Fast Localized Spectral
               Filtering},
  booktitle = {Advances in Neural Information Processing Systems 29: Annual Conference
               on Neural Information Processing Systems 2016,
               Barcelona, Spain},
  pages     = {3837--3845},
  year      = {2016},
  url       = {https://proceedings.neurips.cc/paper/2016/hash/04df4d434d481c5bb723be1b6df1ee65-Abstract.html},
  timestamp = {Thu, 21 Jan 2021 15:15:22 +0100},
  biburl    = {https://dblp.org/rec/conf/nips/DefferrardBV16.bib},
  bibsource = {dblp computer science bibliography, https://dblp.org}
}

@article{DBLP:journals/eaai/JinSLZ22,
  author    = {Kun Jin and
               Shaolong Sun and
               Hongtao Li and
               Fengting Zhang},
  title     = {A novel multi-modal analysis model with Baidu Search Index for subway
               passenger flow forecasting},
  journal   = {Engineering Applications of Artificial Intelligence},
  volume    = {107},
  pages     = {104518},
  year      = {2022},
  url       = {https://doi.org/10.1016/j.engappai.2021.104518},
  doi       = {10.1016/j.engappai.2021.104518},
  timestamp = {Fri, 07 Jan 2022 12:47:48 +0100},
  biburl    = {https://dblp.org/rec/journals/eaai/JinSLZ22.bib},
  bibsource = {dblp computer science bibliography, https://dblp.org}
}

@article{xin2020complex,
  title={Complex network classification with convolutional neural network},
  author={Xin, Ruyue and Zhang, Jiang and Shao, Yitong},
  journal={Tsinghua Science and technology},
  volume={25},
  number={4},
  pages={447--457},
  year={2020},
  publisher={TUP}
}

@article{mnih2007probabilistic,
  title={Probabilistic matrix factorization},
  author={Mnih, Andriy and Salakhutdinov, Russ R},
  journal={Advances in neural information processing systems},
  volume={20},
  pages={1257--1264},
  year={2007}
}

@inproceedings{xiong2010temporal,
  title={Temporal collaborative filtering with bayesian probabilistic tensor factorization},
  author={Xiong, Liang and Chen, Xi and Huang, Tzu-Kuo and Schneider, Jeff and Carbonell, Jaime G},
  booktitle={Proceedings of the 2010 SIAM international conference on data mining},
  pages={211--222},
  year={2010},
  organization={SIAM}
}

@article{lecun1998gradient,
  title={Gradient-based learning applied to document recognition},
  author={LeCun, Yann and Bottou, L{\'e}on and Bengio, Yoshua and Haffner, Patrick},
  journal={Proceedings of the IEEE},
  volume={86},
  number={11},
  pages={2278--2324},
  year={1998},
  publisher={Ieee}
}

@inproceedings{verma2017pam,
  title={PAM clustering based taxi hotspot detection for informed driving},
  author={Verma, Niharika and Baliyan, Niyati},
  booktitle={2017 8th International Conference on Computing, Communication and Networking Technologies (ICCCNT)},
  pages={1--7},
  year={2017},
  organization={IEEE}
}

@inproceedings{zhu2017next,
  title={What to Do Next: Modeling User Behaviors by Time-LSTM.},
  author={Zhu, Yu and Li, Hao and Liao, Yikang and Wang, Beidou and Guan, Ziyu and Liu, Haifeng and Cai, Deng},
  booktitle={IJCAI},
  volume={17},
  pages={3602--3608},
  year={2017}
}

@article{yang2017neural,
  title={A neural network approach to jointly modeling social networks and mobile trajectories},
  author={Yang, Cheng and Sun, Maosong and Zhao, Wayne Xin and Liu, Zhiyuan and Chang, Edward Y},
  journal={ACM Transactions on Information Systems (TOIS)},
  volume={35},
  number={4},
  pages={1--28},
  year={2017},
  publisher={ACM New York, NY, USA}
}

@article{sekimoto2011pflow,
  title={Pflow: Reconstructing people flow recycling large-scale social survey data},
  author={Sekimoto, Yoshihide and Shibasaki, Ryosuke and Kanasugi, Hiroshi and Usui, Tomotaka and Shimazaki, Yasunobu},
  journal={IEEE Pervasive Computing},
  volume={10},
  number={4},
  pages={27--35},
  year={2011},
  publisher={IEEE}
}

@article{hammond2011wavelets,
  title={Wavelets on graphs via spectral graph theory},
  author={Hammond, David K and Vandergheynst, Pierre and Gribonval, R{\'e}mi},
  journal={Applied and Computational Harmonic Analysis},
  volume={30},
  number={2},
  pages={129--150},
  year={2011},
  publisher={Elsevier}
}

@article{DBLP:journals/air/HamdiSEMRS22,
  author    = {Ali Hamdi and
               Khaled B. Shaban and
               Abdelkarim Erradi and
               Amr Mohamed and
               Shakila Khan Rumi and
               Flora D. Salim},
  title     = {Spatiotemporal data mining: a survey on challenges and open problems},
  journal   = {Artificial Intelligence Review},
  volume    = {55},
  number    = {2},
  pages     = {1441--1488},
  year      = {2022},
  url       = {https://doi.org/10.1007/s10462-021-09994-y},
  doi       = {10.1007/s10462-021-09994-y},
  timestamp = {Wed, 23 Feb 2022 18:55:42 +0100},
  biburl    = {https://dblp.org/rec/journals/air/HamdiSEMRS22.bib},
  bibsource = {dblp computer science bibliography, https://dblp.org}
}

@inproceedings{DBLP:conf/nips/KrizhevskySH12,
  author    = {Alex Krizhevsky and
               Ilya Sutskever and
               Geoffrey E. Hinton},
  editor    = {Peter L. Bartlett and
               Fernando C. N. Pereira and
               Christopher J. C. Burges and
               L{\'{e}}on Bottou and
               Kilian Q. Weinberger},
  title     = {ImageNet Classification with Deep Convolutional Neural Networks},
  booktitle = {Advances in Neural Information Processing Systems 25: 26th Annual
               Conference on Neural Information Processing Systems 2012. Lake Tahoe, Nevada, United States},
  pages     = {1106--1114},
  year      = {2012},
  url       = {https://proceedings.neurips.cc/paper/2012/hash/c399862d3b9d6b76c8436e924a68c45b-Abstract.html},
  timestamp = {Thu, 21 Jan 2021 15:15:23 +0100},
  biburl    = {https://dblp.org/rec/conf/nips/KrizhevskySH12.bib},
  bibsource = {dblp computer science bibliography, https://dblp.org}
}

@article{DBLP:journals/bigdata/TorresHSMT21,
  author    = {Jos{\'{e}} F. Torres and
               Dalil Hadjout and
               Abderrazak Sebaa and
               Francisco Mart{\'{\i}}nez{-}{\'{A}}lvarez and
               Alicia Troncoso},
  title     = {Deep Learning for Time Series Forecasting: {A} Survey},
  journal   = {Big Data},
  volume    = {9},
  number    = {1},
  pages     = {3--21},
  year      = {2021},
  url       = {https://doi.org/10.1089/big.2020.0159},
  doi       = {10.1089/big.2020.0159},
  timestamp = {Tue, 01 Jun 2021 09:59:12 +0200},
  biburl    = {https://dblp.org/rec/journals/bigdata/TorresHSMT21.bib},
  bibsource = {dblp computer science bibliography, https://dblp.org}
}

@article{rosenblatt1958perceptron,
  title={The perceptron: a probabilistic model for information storage and organization in the brain.},
  author={Rosenblatt, Frank},
  journal={Psychological review},
  volume={65},
  number={6},
  pages={386},
  year={1958},
  publisher={American Psychological Association}
}

@book{DBLP:books/lib/HastieTF09,
  author    = {Trevor Hastie and
               Robert Tibshirani and
               Jerome H. Friedman},
  title     = {The Elements of Statistical Learning: Data Mining, Inference, and
               Prediction, 2nd Edition},
  series    = {Springer Series in Statistics},
  publisher = {Springer},
  year      = {2009},
  url       = {https://doi.org/10.1007/978-0-387-84858-7},
  doi       = {10.1007/978-0-387-84858-7},
  isbn      = {9780387848570},
  timestamp = {Fri, 17 Jul 2020 16:12:43 +0200},
  biburl    = {https://dblp.org/rec/books/lib/HastieTF09.bib},
  bibsource = {dblp computer science bibliography, https://dblp.org}
}

@inproceedings{DBLP:conf/acml/YangLCL19,
  author    = {Yao{-}Yuan Yang and
               Yi{-}An Lin and
               Hong{-}Min Chu and
               Hsuan{-}Tien Lin},
  editor    = {Wee Sun Lee and
               Taiji Suzuki},
  title     = {Deep Learning with a Rethinking Structure for Multi-label Classification},
  booktitle = {Proceedings of The 11th Asian Conference on Machine Learning, {ACML}
               2019, Nagoya, Japan},
  series    = {Proceedings of Machine Learning Research},
  volume    = {101},
  pages     = {125--140},
  publisher = {{PMLR}},
  year      = {2019},
  url       = {http://proceedings.mlr.press/v101/yang19b.html},
  timestamp = {Mon, 18 Nov 2019 16:57:55 +0100},
  biburl    = {https://dblp.org/rec/conf/acml/YangLCL19.bib},
  bibsource = {dblp computer science bibliography, https://dblp.org}
}

@article{DBLP:journals/prl/Fawcett06,
  author    = {Tom Fawcett},
  title     = {An introduction to {ROC} analysis},
  journal   = {Pattern Recognition Letters},
  volume    = {27},
  number    = {8},
  pages     = {861--874},
  year      = {2006},
  url       = {https://doi.org/10.1016/j.patrec.2005.10.010},
  doi       = {10.1016/j.patrec.2005.10.010},
  timestamp = {Sat, 22 Feb 2020 19:31:03 +0100},
  biburl    = {https://dblp.org/rec/journals/prl/Fawcett06.bib},
  bibsource = {dblp computer science bibliography, https://dblp.org}
}

@article{hilbert1902mathematical,
  title={Mathematical problems},
  author={Hilbert, David},
  journal={Bulletin of the American Mathematical Society},
  volume={8},
  number={10},
  pages={437--479},
  year={1902},
  publisher={American Mathematical Society}
}

@article{DBLP:journals/cor/BoyaciDL21,
  author    = {Burak Boyaci and
               Thu Huong Dang and
               Adam N. Letchford},
  title     = {Vehicle routing on road networks: How good is Euclidean approximation?},
  journal   = {Computers {\&} Operations Research},
  volume    = {129},
  pages     = {105197},
  year      = {2021},
  url       = {https://doi.org/10.1016/j.cor.2020.105197},
  doi       = {10.1016/j.cor.2020.105197},
  timestamp = {Thu, 14 Oct 2021 09:34:58 +0200},
  biburl    = {https://dblp.org/rec/journals/cor/BoyaciDL21.bib},
  bibsource = {dblp computer science bibliography, https://dblp.org}
}

@article{DBLP:journals/lgrs/YangZW22,
  author    = {Le Yang and
               Jingsheng Zhai and
               Xing Wang},
  title     = {A Graph-Cut-Based Method for Road Labels Making With {OSM} Data},
  journal   = {{IEEE} Geoscience and Remote Sensing Letters},
  volume    = {19},
  pages     = {1--5},
  year      = {2022},
  url       = {https://doi.org/10.1109/LGRS.2021.3135960},
  doi       = {10.1109/LGRS.2021.3135960},
  timestamp = {Fri, 21 Jan 2022 22:00:14 +0100},
  biburl    = {https://dblp.org/rec/journals/lgrs/YangZW22.bib},
  bibsource = {dblp computer science bibliography, https://dblp.org}
}

@inproceedings{DBLP:conf/iconip/OwakiM20,
  author    = {Takashi Owaki and
               Takashi Machida},
  editor    = {Haiqin Yang and
               Kitsuchart Pasupa and
               Andrew Chi{-}Sing Leung and
               James T. Kwok and
               Jonathan H. Chan and
               Irwin King},
  title     = {RoadNetGAN: Generating Road Networks in Planar Graph Representation},
  booktitle = {Neural Information Processing - 27th International Conference, {ICONIP}
               2020, Bangkok, Thailand},
  series    = {Communications in Computer and Information Science},
  volume    = {1332},
  pages     = {535--543},
  publisher = {Springer},
  year      = {2020},
  url       = {https://doi.org/10.1007/978-3-030-63820-7\_61},
  doi       = {10.1007/978-3-030-63820-7\_61},
  timestamp = {Fri, 20 Nov 2020 17:43:51 +0100},
  biburl    = {https://dblp.org/rec/conf/iconip/OwakiM20.bib},
  bibsource = {dblp computer science bibliography, https://dblp.org}
}

@inproceedings{DBLP:conf/kdd/YuanZXS11,
  author    = {Jing Yuan and
               Yu Zheng and
               Xing Xie and
               Guangzhong Sun},
  editor    = {Chid Apt{\'{e}} and
               Joydeep Ghosh and
               Padhraic Smyth},
  title     = {Driving with knowledge from the physical world},
  booktitle = {Proceedings of the 17th {ACM} {SIGKDD} International Conference on
               Knowledge Discovery and Data Mining, San Diego, CA, USA},
  pages     = {316--324},
  publisher = {{ACM}},
  year      = {2011},
  url       = {https://doi.org/10.1145/2020408.2020462},
  doi       = {10.1145/2020408.2020462},
  timestamp = {Thu, 14 Oct 2021 09:49:56 +0200},
  biburl    = {https://dblp.org/rec/conf/kdd/YuanZXS11.bib},
  bibsource = {dblp computer science bibliography, https://dblp.org}
}

@inproceedings{DBLP:conf/kdd/LianZXSCR14,
  author    = {Defu Lian and
               Cong Zhao and
               Xing Xie and
               Guangzhong Sun and
               Enhong Chen and
               Yong Rui},
  editor    = {Sofus A. Macskassy and
               Claudia Perlich and
               Jure Leskovec and
               Wei Wang and
               Rayid Ghani},
  title     = {GeoMF: joint geographical modeling and matrix factorization for point-of-interest
               recommendation},
  booktitle = {The 20th {ACM} {SIGKDD} International Conference on Knowledge Discovery
               and Data Mining, {KDD} '14, New York, NY, {USA}},
  pages     = {831--840},
  publisher = {{ACM}},
  year      = {2014},
  url       = {https://doi.org/10.1145/2623330.2623638},
  doi       = {10.1145/2623330.2623638},
  timestamp = {Thu, 14 Oct 2021 09:49:58 +0200},
  biburl    = {https://dblp.org/rec/conf/kdd/LianZXSCR14.bib},
  bibsource = {dblp computer science bibliography, https://dblp.org}
}

@inproceedings{DBLP:conf/sigir/LiCLPK15,
  author    = {Xutao Li and
               Gao Cong and
               Xiaoli Li and
               Tuan{-}Anh Nguyen Pham and
               Shonali Krishnaswamy},
  editor    = {Ricardo Baeza{-}Yates and
               Mounia Lalmas and
               Alistair Moffat and
               Berthier A. Ribeiro{-}Neto},
  title     = {Rank-GeoFM: {A} Ranking based Geographical Factorization Method for
               Point of Interest Recommendation},
  booktitle = {Proceedings of the 38th International {ACM} {SIGIR} Conference on
               Research and Development in Information Retrieval, Santiago, Chile},
  pages     = {433--442},
  publisher = {{ACM}},
  year      = {2015},
  url       = {https://doi.org/10.1145/2766462.2767722},
  doi       = {10.1145/2766462.2767722},
  timestamp = {Tue, 29 Dec 2020 18:37:26 +0100},
  biburl    = {https://dblp.org/rec/conf/sigir/LiCLPK15.bib},
  bibsource = {dblp computer science bibliography, https://dblp.org}
}

@inproceedings{DBLP:conf/ijcai/ChengYLK13,
  author    = {Chen Cheng and
               Haiqin Yang and
               Michael R. Lyu and
               Irwin King},
  editor    = {Francesca Rossi},
  title     = {Where You Like to Go Next: Successive Point-of-Interest Recommendation},
  booktitle = {{IJCAI} 2013, Proceedings of the 23rd International Joint Conference
               on Artificial Intelligence, Beijing, China},
  pages     = {2605--2611},
  publisher = {{IJCAI/AAAI}},
  year      = {2013},
  url       = {http://www.aaai.org/ocs/index.php/IJCAI/IJCAI13/paper/view/6633},
  timestamp = {Tue, 20 Aug 2019 16:16:37 +0200},
  biburl    = {https://dblp.org/rec/conf/ijcai/ChengYLK13.bib},
  bibsource = {dblp computer science bibliography, https://dblp.org}
}

@inproceedings{DBLP:conf/aaai/LiuWWT16,
  author    = {Qiang Liu and
               Shu Wu and
               Liang Wang and
               Tieniu Tan},
  editor    = {Dale Schuurmans and
               Michael P. Wellman},
  title     = {Predicting the Next Location: {A} Recurrent Model with Spatial and
               Temporal Contexts},
  booktitle = {Proceedings of the Thirtieth {AAAI} Conference on Artificial Intelligence, Phoenix, Arizona, {USA}},
  pages     = {194--200},
  publisher = {{AAAI} Press},
  year      = {2016},
  url       = {http://www.aaai.org/ocs/index.php/AAAI/AAAI16/paper/view/11900},
  timestamp = {Wed, 10 Feb 2021 08:44:59 +0100},
  biburl    = {https://dblp.org/rec/conf/aaai/LiuWWT16.bib},
  bibsource = {dblp computer science bibliography, https://dblp.org}
}

@inproceedings{DBLP:conf/icwsm/RuizQBF15,
  author    = {Carmen Karina Vaca Ruiz and
               Daniele Quercia and
               Francesco Bonchi and
               Piero Fraternali},
  editor    = {Meeyoung Cha and
               Cecilia Mascolo and
               Christian Sandvig},
  title     = {Taxonomy-Based Discovery and Annotation of Functional Areas in the
               City},
  booktitle = {Proceedings of the Ninth International Conference on Web and Social
               Media, {ICWSM} 2015, University of Oxford, Oxford, UK},
  pages     = {445--453},
  publisher = {{AAAI} Press},
  year      = {2015},
  url       = {http://www.aaai.org/ocs/index.php/ICWSM/ICWSM15/paper/view/10580},
  timestamp = {Fri, 05 Feb 2021 11:07:37 +0100},
  biburl    = {https://dblp.org/rec/conf/icwsm/RuizQBF15.bib},
  bibsource = {dblp computer science bibliography, https://dblp.org}
}

@article{DBLP:journals/tkde/YuanZXWZX15,
  author    = {Nicholas Jing Yuan and
               Yu Zheng and
               Xing Xie and
               Yingzi Wang and
               Kai Zheng and
               Hui Xiong},
  title     = {Discovering Urban Functional ZonesUsing Latent Activity Trajectories},
  journal   = {{IEEE} Transactions on Knowledge and Data Engineering},
  volume    = {27},
  number    = {3},
  pages     = {712--725},
  year      = {2015},
  url       = {https://doi.org/10.1109/TKDE.2014.2345405},
  doi       = {10.1109/TKDE.2014.2345405},
  timestamp = {Thu, 14 Oct 2021 08:57:06 +0200},
  biburl    = {https://dblp.org/rec/journals/tkde/YuanZXWZX15.bib},
  bibsource = {dblp computer science bibliography, https://dblp.org}
}

@article{DBLP:journals/tkde/SongXWWZZ017,
  author    = {Jun Song and
               Jun Xiao and
               Fei Wu and
               Haishan Wu and
               Tong Zhang and
               Zhongfei (Mark) Zhang and
               Wenwu Zhu},
  title     = {Hierarchical Contextual Attention Recurrent Neural Network for Map
               Query Suggestion},
  journal   = {{IEEE} Transactions on Knowledge and Data Engineering},
  volume    = {29},
  number    = {9},
  pages     = {1888--1901},
  year      = {2017},
  url       = {https://doi.org/10.1109/TKDE.2017.2700392},
  doi       = {10.1109/TKDE.2017.2700392},
  timestamp = {Tue, 30 Jan 2018 00:02:38 +0100},
  biburl    = {https://dblp.org/rec/journals/tkde/SongXWWZZ017.bib},
  bibsource = {dblp computer science bibliography, https://dblp.org}
}

@inproceedings{DBLP:conf/cikm/SordoniBVLSN15,
  author    = {Alessandro Sordoni and
               Yoshua Bengio and
               Hossein Vahabi and
               Christina Lioma and
               Jakob Grue Simonsen and
               Jian{-}Yun Nie},
  editor    = {James Bailey and
               Alistair Moffat and
               Charu C. Aggarwal and
               Maarten de Rijke and
               Ravi Kumar and
               Vanessa Murdock and
               Timos K. Sellis and
               Jeffrey Xu Yu},
  title     = {A Hierarchical Recurrent Encoder-Decoder for Generative Context-Aware
               Query Suggestion},
  booktitle = {Proceedings of the 24th {ACM} International Conference on Information
               and Knowledge Management, {CIKM} 2015, Melbourne, VIC, Australia},
  pages     = {553--562},
  publisher = {{ACM}},
  year      = {2015},
  url       = {https://doi.org/10.1145/2806416.2806493},
  doi       = {10.1145/2806416.2806493},
  timestamp = {Mon, 26 Apr 2021 09:27:03 +0200},
  biburl    = {https://dblp.org/rec/conf/cikm/SordoniBVLSN15.bib},
  bibsource = {dblp computer science bibliography, https://dblp.org}
}

@article{DBLP:journals/tsas/WangCCPH20,
  author    = {Senzhang Wang and
               Jiannong Cao and
               Hao Chen and
               Hao Peng and
               Zhiqiu Huang},
  title     = {SeqST-GAN: Seq2Seq Generative Adversarial Nets for Multi-step Urban
               Crowd Flow Prediction},
  journal   = {{ACM} Transactions on Spatial Algorithms and Systems},
  volume    = {6},
  number    = {4},
  pages     = {22:1--22:24},
  year      = {2020},
  url       = {https://doi.org/10.1145/3378889},
  doi       = {10.1145/3378889},
  timestamp = {Sat, 18 Dec 2021 13:53:30 +0100},
  biburl    = {https://dblp.org/rec/journals/tsas/WangCCPH20.bib},
  bibsource = {dblp computer science bibliography, https://dblp.org}
}

@inproceedings{DBLP:conf/ijcai/WuLJC19,
  author    = {Yongji Wu and
               Defu Lian and
               Shuowei Jin and
               Enhong Chen},
  editor    = {Sarit Kraus},
  title     = {Graph Convolutional Networks on User Mobility Heterogeneous Graphs
               for Social Relationship Inference},
  booktitle = {Proceedings of the Twenty-Eighth International Joint Conference on
               Artificial Intelligence, {IJCAI} 2019, Macao, China},
  pages     = {3898--3904},
  publisher = {ijcai.org},
  year      = {2019},
  url       = {https://doi.org/10.24963/ijcai.2019/541},
  doi       = {10.24963/ijcai.2019/541},
  timestamp = {Tue, 20 Aug 2019 16:18:18 +0200},
  biburl    = {https://dblp.org/rec/conf/ijcai/WuLJC19.bib},
  bibsource = {dblp computer science bibliography, https://dblp.org}
}

@inproceedings{DBLP:conf/kdd/LianZXSCR14,
  author    = {Defu Lian and
               Cong Zhao and
               Xing Xie and
               Guangzhong Sun and
               Enhong Chen and
               Yong Rui},
  editor    = {Sofus A. Macskassy and
               Claudia Perlich and
               Jure Leskovec and
               Wei Wang and
               Rayid Ghani},
  title     = {GeoMF: joint geographical modeling and matrix factorization for point-of-interest
               recommendation},
  booktitle = {The 20th {ACM} {SIGKDD} International Conference on Knowledge Discovery
               and Data Mining, {KDD} '14, New York, NY, {USA}},
  pages     = {831--840},
  publisher = {{ACM}},
  year      = {2014},
  url       = {https://doi.org/10.1145/2623330.2623638},
  doi       = {10.1145/2623330.2623638},
  timestamp = {Thu, 14 Oct 2021 09:49:58 +0200},
  biburl    = {https://dblp.org/rec/conf/kdd/LianZXSCR14.bib},
  bibsource = {dblp computer science bibliography, https://dblp.org}
}

@inproceedings{DBLP:conf/sigir/YeYLL11,
  author    = {Mao Ye and
               Peifeng Yin and
               Wang{-}Chien Lee and
               Dik Lun Lee},
  editor    = {Wei{-}Ying Ma and
               Jian{-}Yun Nie and
               Ricardo Baeza{-}Yates and
               Tat{-}Seng Chua and
               W. Bruce Croft},
  title     = {Exploiting geographical influence for collaborative point-of-interest
               recommendation},
  booktitle = {Proceeding of the 34th International {ACM} {SIGIR} Conference on Research
               and Development in Information Retrieval, {SIGIR} 2011, Beijing, China},
  pages     = {325--334},
  publisher = {{ACM}},
  year      = {2011},
  url       = {https://doi.org/10.1145/2009916.2009962},
  doi       = {10.1145/2009916.2009962},
  timestamp = {Sun, 22 Sep 2019 18:15:38 +0200},
  biburl    = {https://dblp.org/rec/conf/sigir/YeYLL11.bib},
  bibsource = {dblp computer science bibliography, https://dblp.org}
}

@inproceedings{DBLP:conf/kdd/LianWG0C20,
  author    = {Defu Lian and
               Yongji Wu and
               Yong Ge and
               Xing Xie and
               Enhong Chen},
  editor    = {Rajesh Gupta and
               Yan Liu and
               Jiliang Tang and
               B. Aditya Prakash},
  title     = {Geography-Aware Sequential Location Recommendation},
  booktitle = {{KDD} '20: The 26th {ACM} {SIGKDD} Conference on Knowledge Discovery
               and Data Mining, Virtual Event, CA, USA},
  pages     = {2009--2019},
  publisher = {{ACM}},
  year      = {2020},
  url       = {https://doi.org/10.1145/3394486.3403252},
  doi       = {10.1145/3394486.3403252},
  timestamp = {Thu, 14 Oct 2021 09:50:04 +0200},
  biburl    = {https://dblp.org/rec/conf/kdd/LianWG0C20.bib},
  bibsource = {dblp computer science bibliography, https://dblp.org}
}

@inproceedings{DBLP:conf/www/FengLZSMGJ18,
  author    = {Jie Feng and
               Yong Li and
               Chao Zhang and
               Funing Sun and
               Fanchao Meng and
               Ang Guo and
               Depeng Jin},
  editor    = {Pierre{-}Antoine Champin and
               Fabien Gandon and
               Mounia Lalmas and
               Panagiotis G. Ipeirotis},
  title     = {DeepMove: Predicting Human Mobility with Attentional Recurrent Networks},
  booktitle = {Proceedings of the 2018 World Wide Web Conference on World Wide Web,
               {WWW} 2018, Lyon, France},
  pages     = {1459--1468},
  publisher = {{ACM}},
  year      = {2018},
  url       = {https://doi.org/10.1145/3178876.3186058},
  doi       = {10.1145/3178876.3186058},
  timestamp = {Fri, 16 Apr 2021 10:04:12 +0200},
  biburl    = {https://dblp.org/rec/conf/www/FengLZSMGJ18.bib},
  bibsource = {dblp computer science bibliography, https://dblp.org}
}

@inproceedings{DBLP:conf/wsdm/TangW18,
  author    = {Jiaxi Tang and
               Ke Wang},
  editor    = {Yi Chang and
               Chengxiang Zhai and
               Yan Liu and
               Yoelle Maarek},
  title     = {Personalized Top-N Sequential Recommendation via Convolutional Sequence
               Embedding},
  booktitle = {Proceedings of the Eleventh {ACM} International Conference on Web
               Search and Data Mining, {WSDM} 2018, Marina Del Rey, CA, USA},
  pages     = {565--573},
  publisher = {{ACM}},
  year      = {2018},
  url       = {https://doi.org/10.1145/3159652.3159656},
  doi       = {10.1145/3159652.3159656},
  timestamp = {Thu, 13 Aug 2020 18:13:38 +0200},
  biburl    = {https://dblp.org/rec/conf/wsdm/TangW18.bib},
  bibsource = {dblp computer science bibliography, https://dblp.org}
}

@inproceedings{DBLP:conf/aaai/GuoSZT20,
  author    = {Qing Guo and
               Zhu Sun and
               Jie Zhang and
               Yin{-}Leng Theng},
  title     = {An Attentional Recurrent Neural Network for Personalized Next Location
               Recommendation},
  booktitle = {The Thirty-Fourth {AAAI} Conference on Artificial Intelligence, {AAAI}
               2020, New York, NY, USA},
  pages     = {83--90},
  publisher = {{AAAI} Press},
  year      = {2020},
  url       = {https://aaai.org/ojs/index.php/AAAI/article/view/5337},
  timestamp = {Fri, 27 Aug 2021 17:50:05 +0200},
  biburl    = {https://dblp.org/rec/conf/aaai/GuoSZT20.bib},
  bibsource = {dblp computer science bibliography, https://dblp.org}
}

@inproceedings{DBLP:conf/aaai/SunQCLNY20,
  author    = {Ke Sun and
               Tieyun Qian and
               Tong Chen and
               Yile Liang and
               Quoc Viet Hung Nguyen and
               Hongzhi Yin},
  title     = {Where to Go Next: Modeling Long- and Short-Term User Preferences for
               Point-of-Interest Recommendation},
  booktitle = {The Thirty-Fourth {AAAI} Conference on Artificial Intelligence, {AAAI}
               2020, New York, NY, USA},
  pages     = {214--221},
  publisher = {{AAAI} Press},
  year      = {2020},
  url       = {https://aaai.org/ojs/index.php/AAAI/article/view/5353},
  timestamp = {Fri, 09 Apr 2021 18:39:00 +0200},
  biburl    = {https://dblp.org/rec/conf/aaai/SunQCLNY20.bib},
  bibsource = {dblp computer science bibliography, https://dblp.org}
}

@inproceedings{DBLP:conf/kdd/Wang0SCJSC20,
  author    = {Daheng Wang and
               Meng Jiang and
               Munira Syed and
               Oliver Conway and
               Vishal Juneja and
               Sriram Subramanian and
               Nitesh V. Chawla},
  editor    = {Rajesh Gupta and
               Yan Liu and
               Jiliang Tang and
               B. Aditya Prakash},
  title     = {Calendar Graph Neural Networks for Modeling Time Structures in Spatiotemporal
               User Behaviors},
  booktitle = {{KDD} '20: The 26th {ACM} {SIGKDD} Conference on Knowledge Discovery
               and Data Mining, Virtual Event, CA, USA},
  pages     = {2581--2589},
  publisher = {{ACM}},
  year      = {2020},
  url       = {https://doi.org/10.1145/3394486.3403308},
  doi       = {10.1145/3394486.3403308},
  timestamp = {Thu, 14 Oct 2021 09:50:00 +0200},
  biburl    = {https://dblp.org/rec/conf/kdd/Wang0SCJSC20.bib},
  bibsource = {dblp computer science bibliography, https://dblp.org}
}

@inproceedings{DBLP:conf/wsdm/LiWM20,
  author    = {Jiacheng Li and
               Yujie Wang and
               Julian J. McAuley},
  editor    = {James Caverlee and
               Xia (Ben) Hu and
               Mounia Lalmas and
               Wei Wang},
  title     = {Time Interval Aware Self-Attention for Sequential Recommendation},
  booktitle = {{WSDM} '20: The Thirteenth {ACM} International Conference on Web Search
               and Data Mining, Houston, TX, USA},
  pages     = {322--330},
  publisher = {{ACM}},
  year      = {2020},
  url       = {https://doi.org/10.1145/3336191.3371786},
  doi       = {10.1145/3336191.3371786},
  timestamp = {Fri, 24 Jan 2020 12:03:51 +0100},
  biburl    = {https://dblp.org/rec/conf/wsdm/LiWM20.bib},
  bibsource = {dblp computer science bibliography, https://dblp.org}
}

@inproceedings{DBLP:conf/sigir/LinNWL18,
  author    = {Xiang Lin and
               Shuzi Niu and
               Yiqiao Wang and
               Yucheng Li},
  editor    = {Kevyn Collins{-}Thompson and
               Qiaozhu Mei and
               Brian D. Davison and
               Yiqun Liu and
               Emine Yilmaz},
  title     = {K-plet Recurrent Neural Networks for Sequential Recommendation},
  booktitle = {The 41st International {ACM} {SIGIR} Conference on Research {\&}
               Development in Information Retrieval, {SIGIR} 2018, Ann Arbor, MI,
               USA},
  pages     = {1057--1060},
  publisher = {{ACM}},
  year      = {2018},
  url       = {https://doi.org/10.1145/3209978.3210159},
  doi       = {10.1145/3209978.3210159},
  timestamp = {Wed, 16 Sep 2020 13:34:22 +0200},
  biburl    = {https://dblp.org/rec/conf/sigir/LinNWL18.bib},
  bibsource = {dblp computer science bibliography, https://dblp.org}
}

@article{吉根林2014面向大数据的时空数据挖掘综述,
  title={面向大数据的时空数据挖掘综述},
  author={吉根林 and 赵斌},
  journal={南京师大学报: 自然科学版},
  volume={37},
  number={1},
  pages={1--7},
  year={2014}
}

@article{刘大有2013时空数据挖掘研究进展,
  title={时空数据挖掘研究进展},
  author={刘大有 and 陈慧灵 and 齐红 and 杨博},
  journal={计算机研究与发展},
  volume={50},
  number={2},
  pages={225},
  year={2013},
  language={zh}
}



@article{feng2021review,
  title={A review and comparative study on probabilistic object detection in autonomous driving},
  author={Feng, Di and Harakeh, Ali and Waslander, Steven L and Dietmayer, Klaus},
  journal={IEEE Transactions on Intelligent Transportation Systems},
  year={2021},
  publisher={IEEE}
}

@inproceedings{tang2020searching,
  title={Searching efficient 3d architectures with sparse point-voxel convolution},
  author={Tang, Haotian and Liu, Zhijian and Zhao, Shengyu and Lin, Yujun and Lin, Ji and Wang, Hanrui and Han, Song},
  booktitle={European conference on computer vision},
  pages={685--702},
  year={2020},
  organization={Springer}
}

@article{chen2014advanced,
  title={An advanced moving object detection algorithm for automatic traffic monitoring in real-world limited bandwidth networks},
  author={Chen, Bo-Hao and Huang, Shih-Chia},
  journal={IEEE transactions on multimedia},
  volume={16},
  number={3},
  pages={837--847},
  year={2014},
  publisher={IEEE}
}

@article{rahman2020online,
  title={Online monitoring of object detection performance post-deployment},
  author={Rahman, Quazi Marufur and S{\"u}nderhauf, Niko and Dayoub, Feras},
  year={2020}
}

@article{kim2021uas,
  title={A UAS-based work zone safety monitoring system by integrating internal traffic control plan (ITCP) and automated object detection in game engine environment},
  author={Kim, Kyungki and Kim, Sungjin and Shchur, Daniel},
  journal={Automation in Construction},
  volume={128},
  pages={103736},
  year={2021},
  publisher={Elsevier}
}

@inproceedings{muthanna2020smart,
  title={Smart system of a real-time pedestrian detection for smart city},
  author={Muthanna, Mohammed Saleh Ali and Lyachek, Yuliy T and Musaeed, Abdulfattah Mohammed Obadi and Esmail, Yaqoob Ahmed Hazzaa and Adam, Abuzar BM},
  booktitle={2020 IEEE Conference of Russian Young Researchers in Electrical and Electronic Engineering (EIConRus)},
  pages={45--50},
  year={2020},
  organization={IEEE}
}

@inproceedings{rahman2020automated,
  title={An automated system to limit COVID-19 using facial mask detection in smart city network},
  author={Rahman, Mohammad Marufur and Manik, Md Motaleb Hossen and Islam, Md Milon and Mahmud, Saifuddin and Kim, Jong-Hoon},
  booktitle={2020 IEEE International IOT, Electronics and Mechatronics Conference (IEMTRONICS)},
  pages={1--5},
  year={2020},
  organization={IEEE}
}

@inproceedings{lee2020making,
  title={Making IoT data ready for smart city applications},
  author={Lee, Ryong and Jang, Rae-young and Park, Minwoo and Jeon, Ga-ye and Kim, Jae-kwang and Lee, Sang-hwan},
  booktitle={2020 IEEE International Conference on Big Data and Smart Computing (BigComp)},
  pages={605--608},
  year={2020},
  organization={IEEE}
}

@inproceedings{girshick2014rich,
  title={Rich feature hierarchies for accurate object detection and semantic segmentation},
  author={Girshick, Ross and Donahue, Jeff and Darrell, Trevor and Malik, Jitendra},
  booktitle={Proceedings of the IEEE conference on computer vision and pattern recognition},
  pages={580--587},
  year={2014}
}

@article{uijlings2013selective,
  title={Selective search for object recognition},
  author={Uijlings, Jasper RR and Van De Sande, Koen EA and Gevers, Theo and Smeulders, Arnold WM},
  journal={International journal of computer vision},
  volume={104},
  number={2},
  pages={154--171},
  year={2013},
  publisher={Springer}
}

@inproceedings{wang2005comparison,
  title={Comparison of SVM and LS-SVM for regression},
  author={Wang, Haifeng and Hu, Dejin},
  booktitle={2005 International Conference on Neural Networks and Brain},
  volume={1},
  pages={279--283},
  year={2005},
  organization={IEEE}
}

@article{he2015spatial,
  title={Spatial pyramid pooling in deep convolutional networks for visual recognition},
  author={He, Kaiming and Zhang, Xiangyu and Ren, Shaoqing and Sun, Jian},
  journal={IEEE transactions on pattern analysis and machine intelligence},
  volume={37},
  number={9},
  pages={1904--1916},
  year={2015},
  publisher={IEEE}
}

@inproceedings{girshick2015fast,
  title={Fast r-cnn},
  author={Girshick, Ross},
  booktitle={Proceedings of the IEEE international conference on computer vision},
  pages={1440--1448},
  year={2015}
}

@article{ren2015faster,
  title={Faster r-cnn: Towards real-time object detection with region proposal networks},
  author={Ren, Shaoqing and He, Kaiming and Girshick, Ross and Sun, Jian},
  journal={Advances in neural information processing systems},
  volume={28},
  year={2015}
}

@inproceedings{he2017mask,
  title={Mask r-cnn},
  author={He, Kaiming and Gkioxari, Georgia and Doll{\'a}r, Piotr and Girshick, Ross},
  booktitle={Proceedings of the IEEE international conference on computer vision},
  pages={2961--2969},
  year={2017}
}

@article{dai2016r,
  title={R-fcn: Object detection via region-based fully convolutional networks},
  author={Dai, Jifeng and Li, Yi and He, Kaiming and Sun, Jian},
  journal={Advances in neural information processing systems},
  volume={29},
  year={2016}
}


@article{cai2019cascade,
  title={Cascade R-CNN: high quality object detection and instance segmentation},
  author={Cai, Zhaowei and Vasconcelos, Nuno},
  journal={IEEE transactions on pattern analysis and machine intelligence},
  volume={43},
  number={5},
  pages={1483--1498},
  year={2019},
  publisher={IEEE}
}

@inproceedings{redmon2016you,
  title={You only look once: Unified, real-time object detection},
  author={Redmon, Joseph and Divvala, Santosh and Girshick, Ross and Farhadi, Ali},
  booktitle={Proceedings of the IEEE conference on computer vision and pattern recognition},
  pages={779--788},
  year={2016}
}

@inproceedings{redmon2017yolo9000,
  title={YOLO9000: better, faster, stronger},
  author={Redmon, Joseph and Farhadi, Ali},
  booktitle={Proceedings of the IEEE conference on computer vision and pattern recognition},
  pages={7263--7271},
  year={2017}
}

@article{redmon2018yolov3,
  title={Yolov3: An incremental improvement},
  author={Redmon, Joseph and Farhadi, Ali},
  journal={arXiv preprint arXiv:1804.02767},
  year={2018}
}

@article{bochkovskiy2020yolov4,
  title={Yolov4: Optimal speed and accuracy of object detection},
  author={Bochkovskiy, Alexey and Wang, Chien-Yao and Liao, Hong-Yuan Mark},
  journal={arXiv preprint arXiv:2004.10934},
  year={2020}
}

@article{ge2021yolox,
  title={Yolox: Exceeding yolo series in 2021},
  author={Ge, Zheng and Liu, Songtao and Wang, Feng and Li, Zeming and Sun, Jian},
  journal={arXiv preprint arXiv:2107.08430},
  year={2021}
}

@inproceedings{chen2021you,
  title={You only look one-level feature},
  author={Chen, Qiang and Wang, Yingming and Yang, Tong and Zhang, Xiangyu and Cheng, Jian and Sun, Jian},
  booktitle={Proceedings of the IEEE/CVF conference on computer vision and pattern recognition},
  pages={13039--13048},
  year={2021}
}


@inproceedings{tan2020efficientdet,
  title={Efficientdet: Scalable and efficient object detection},
  author={Tan, Mingxing and Pang, Ruoming and Le, Quoc V},
  booktitle={Proceedings of the IEEE/CVF conference on computer vision and pattern recognition},
  pages={10781--10790},
  year={2020}
}

@article{iandola2014densenet,
  title={Densenet: Implementing efficient convnet descriptor pyramids},
  author={Iandola, Forrest and Moskewicz, Matt and Karayev, Sergey and Girshick, Ross and Darrell, Trevor and Keutzer, Kurt},
  journal={arXiv preprint arXiv:1404.1869},
  year={2014}
}

@inproceedings{law2018cornernet,
  title={Cornernet: Detecting objects as paired keypoints},
  author={Law, Hei and Deng, Jia},
  booktitle={Proceedings of the European conference on computer vision (ECCV)},
  pages={734--750},
  year={2018}
}

@inproceedings{tian2019fcos,
  title={Fcos: Fully convolutional one-stage object detection},
  author={Tian, Zhi and Shen, Chunhua and Chen, Hao and He, Tong},
  booktitle={Proceedings of the IEEE/CVF international conference on computer vision},
  pages={9627--9636},
  year={2019}
}

@article{kong2020foveabox,
  title={Foveabox: Beyound anchor-based object detection},
  author={Kong, Tao and Sun, Fuchun and Liu, Huaping and Jiang, Yuning and Li, Lei and Shi, Jianbo},
  journal={IEEE Transactions on Image Processing},
  volume={29},
  pages={7389--7398},
  year={2020},
  publisher={IEEE}
}

@inproceedings{zhu2019feature,
  title={Feature selective anchor-free module for single-shot object detection},
  author={Zhu, Chenchen and He, Yihui and Savvides, Marios},
  booktitle={Proceedings of the IEEE/CVF conference on computer vision and pattern recognition},
  pages={840--849},
  year={2019}
}

@inproceedings{hu2018relation,
  title={Relation networks for object detection},
  author={Hu, Han and Gu, Jiayuan and Zhang, Zheng and Dai, Jifeng and Wei, Yichen},
  booktitle={Proceedings of the IEEE conference on computer vision and pattern recognition},
  pages={3588--3597},
  year={2018}
}

@inproceedings{xu2019spatial,
  title={Spatial-aware graph relation network for large-scale object detection},
  author={Xu, Hang and Jiang, Chenhan and Liang, Xiaodan and Li, Zhenguo},
  booktitle={Proceedings of the IEEE/CVF Conference on Computer Vision and Pattern Recognition},
  pages={9298--9307},
  year={2019}
}

@inproceedings{xu2019reasoning,
  title={Reasoning-rcnn: Unifying adaptive global reasoning into large-scale object detection},
  author={Xu, Hang and Jiang, ChenHan and Liang, Xiaodan and Lin, Liang and Li, Zhenguo},
  booktitle={Proceedings of the IEEE/CVF Conference on Computer Vision and Pattern Recognition},
  pages={6419--6428},
  year={2019}
}

@article{liang2018symbolic,
  title={Symbolic graph reasoning meets convolutions},
  author={Liang, Xiaodan and Hu, Zhiting and Zhang, Hao and Lin, Liang and Xing, Eric P},
  journal={Advances in Neural Information Processing Systems},
  volume={31},
  year={2018}
}

@article{jiang2018hybrid,
  title={Hybrid knowledge routed modules for large-scale object detection},
  author={Jiang, Chenhan and Xu, Hang and Liang, Xiaodan and Lin, Liang},
  journal={Advances in Neural Information Processing Systems},
  volume={31},
  year={2018}
}

@article{marino2016more,
  title={The more you know: Using knowledge graphs for image classification},
  author={Marino, Kenneth and Salakhutdinov, Ruslan and Gupta, Abhinav},
  journal={arXiv preprint arXiv:1612.04844},
  year={2016}
}

@inproceedings{deng2014large,
  title={Large-scale object classification using label relation graphs},
  author={Deng, Jia and Ding, Nan and Jia, Yangqing and Frome, Andrea and Murphy, Kevin and Bengio, Samy and Li, Yuan and Neven, Hartmut and Adam, Hartwig},
  booktitle={European conference on computer vision},
  pages={48--64},
  year={2014},
  organization={Springer}
}

@inproceedings{carion2020end,
  title={End-to-end object detection with transformers},
  author={Carion, Nicolas and Massa, Francisco and Synnaeve, Gabriel and Usunier, Nicolas and Kirillov, Alexander and Zagoruyko, Sergey},
  booktitle={European conference on computer vision},
  pages={213--229},
  year={2020},
  organization={Springer}
}

@inproceedings{liu2021swin,
  title={Swin transformer: Hierarchical vision transformer using shifted windows},
  author={Liu, Ze and Lin, Yutong and Cao, Yue and Hu, Han and Wei, Yixuan and Zhang, Zheng and Lin, Stephen and Guo, Baining},
  booktitle={Proceedings of the IEEE/CVF International Conference on Computer Vision},
  pages={10012--10022},
  year={2021}
}

@inproceedings{he2016deep,
  title={Deep residual learning for image recognition},
  author={He, Kaiming and Zhang, Xiangyu and Ren, Shaoqing and Sun, Jian},
  booktitle={Proceedings of the IEEE conference on computer vision and pattern recognition},
  pages={770--778},
  year={2016}
}

@inproceedings{fan2021multiscale,
  title={Multiscale vision transformers},
  author={Fan, Haoqi and Xiong, Bo and Mangalam, Karttikeya and Li, Yanghao and Yan, Zhicheng and Malik, Jitendra and Feichtenhofer, Christoph},
  booktitle={Proceedings of the IEEE/CVF International Conference on Computer Vision},
  pages={6824--6835},
  year={2021}
}

@article{li2021improved,
  title={Improved multiscale vision transformers for classification and detection},
  author={Li, Yanghao and Wu, Chao-Yuan and Fan, Haoqi and Mangalam, Karttikeya and Xiong, Bo and Malik, Jitendra and Feichtenhofer, Christoph},
  journal={arXiv preprint arXiv:2112.01526},
  year={2021}
}

@article{lecun1998gradient,
  title={Gradient-based learning applied to document recognition},
  author={LeCun, Yann and Bottou, L{\'e}on and Bengio, Yoshua and Haffner, Patrick},
  journal={Proceedings of the IEEE},
  volume={86},
  number={11},
  pages={2278--2324},
  year={1998},
  publisher={Ieee}
}

@inproceedings{deng2009imagenet,
  title={Imagenet: A large-scale hierarchical image database},
  author={Deng, Jia and Dong, Wei and Socher, Richard and Li, Li-Jia and Li, Kai and Fei-Fei, Li},
  booktitle={2009 IEEE conference on computer vision and pattern recognition},
  pages={248--255},
  year={2009},
  organization={Ieee}
}


@article{vaswani2017attention,
  title={Attention is all you need},
  author={Vaswani, Ashish and Shazeer, Noam and Parmar, Niki and Uszkoreit, Jakob and Jones, Llion and Gomez, Aidan N and Kaiser, {\L}ukasz and Polosukhin, Illia},
  journal={Advances in neural information processing systems},
  volume={30},
  year={2017}
}

@inproceedings{meng2021magface,
  title={Magface: A universal representation for face recognition and quality assessment},
  author={Meng, Qiang and Zhao, Shichao and Huang, Zhida and Zhou, Feng},
  booktitle={Proceedings of the IEEE/CVF Conference on Computer Vision and Pattern Recognition},
  pages={14225--14234},
  year={2021}
}

@inproceedings{deng2019arcface,
  title={Arcface: Additive angular margin loss for deep face recognition},
  author={Deng, Jiankang and Guo, Jia and Xue, Niannan and Zafeiriou, Stefanos},
  booktitle={Proceedings of the IEEE/CVF conference on computer vision and pattern recognition},
  pages={4690--4699},
  year={2019}
}

@article{li2015gated,
  title={Gated graph sequence neural networks},
  author={Li, Yujia and Tarlow, Daniel and Brockschmidt, Marc and Zemel, Richard},
  journal={arXiv preprint arXiv:1511.05493},
  year={2015}
}

@inproceedings{xie2017aggregated,
  title={Aggregated residual transformations for deep neural networks},
  author={Xie, Saining and Girshick, Ross and Doll{\'a}r, Piotr and Tu, Zhuowen and He, Kaiming},
  booktitle={Proceedings of the IEEE conference on computer vision and pattern recognition},
  pages={1492--1500},
  year={2017}
}

@inproceedings{szegedy2015going,
  title={Going deeper with convolutions},
  author={Szegedy, Christian and Liu, Wei and Jia, Yangqing and Sermanet, Pierre and Reed, Scott and Anguelov, Dragomir and Erhan, Dumitru and Vanhoucke, Vincent and Rabinovich, Andrew},
  booktitle={Proceedings of the IEEE conference on computer vision and pattern recognition},
  pages={1--9},
  year={2015}
}

@article{elsken2019neural,
  title={Neural architecture search: A survey},
  author={Elsken, Thomas and Metzen, Jan Hendrik and Hutter, Frank},
  journal={The Journal of Machine Learning Research},
  volume={20},
  number={1},
  pages={1997--2017},
  year={2019},
  publisher={JMLR. org}
}

@inproceedings{DBLP:conf/iclr/DosovitskiyB0WZ21,
  author    = {Alexey Dosovitskiy and
               Lucas Beyer and
               Alexander Kolesnikov and
               Dirk Weissenborn and
               Xiaohua Zhai and
               Thomas Unterthiner and
               Mostafa Dehghani and
               Matthias Minderer and
               Georg Heigold and
               Sylvain Gelly and
               Jakob Uszkoreit and
               Neil Houlsby},
  title     = {An Image is Worth 16x16 Words: Transformers for Image Recognition
               at Scale},
  booktitle = {9th International Conference on Learning Representations, {ICLR} 2021,
               Virtual Event, Austria, May 3-7, 2021},
  publisher = {OpenReview.net},
  year      = {2021},
  url       = {https://openreview.net/forum?id=YicbFdNTTy},
  timestamp = {Wed, 23 Jun 2021 17:36:39 +0200},
  biburl    = {https://dblp.org/rec/conf/iclr/DosovitskiyB0WZ21.bib},
  bibsource = {dblp computer science bibliography, https://dblp.org}
}

@inproceedings{lin2017feature,
  title={Feature pyramid networks for object detection},
  author={Lin, Tsung-Yi and Doll{\'a}r, Piotr and Girshick, Ross and He, Kaiming and Hariharan, Bharath and Belongie, Serge},
  booktitle={Proceedings of the IEEE conference on computer vision and pattern recognition},
  pages={2117--2125},
  year={2017}
}

@inproceedings{liu2018path,
  title={Path aggregation network for instance segmentation},
  author={Liu, Shu and Qi, Lu and Qin, Haifang and Shi, Jianping and Jia, Jiaya},
  booktitle={Proceedings of the IEEE conference on computer vision and pattern recognition},
  pages={8759--8768},
  year={2018}
}

@inproceedings{ghiasi2019fpn,
  title={Nas-fpn: Learning scalable feature pyramid architecture for object detection},
  author={Ghiasi, Golnaz and Lin, Tsung-Yi and Le, Quoc V},
  booktitle={Proceedings of the IEEE/CVF Conference on Computer Vision and Pattern Recognition},
  pages={7036--7045},
  year={2019}
}

@article{song2020fine,
  title={Fine-grained dynamic head for object detection},
  author={Song, Lin and Li, Yanwei and Jiang, Zhengkai and Li, Zeming and Sun, Hongbin and Sun, Jian and Zheng, Nanning},
  journal={Advances in Neural Information Processing Systems},
  volume={33},
  pages={11131--11141},
  year={2020}
}

@inproceedings{DBLP:conf/cvpr/LiSCLZWS20,
  author    = {Yanwei Li and
               Lin Song and
               Yukang Chen and
               Zeming Li and
               Xiangyu Zhang and
               Xingang Wang and
               Jian Sun},
  title     = {Learning Dynamic Routing for Semantic Segmentation},
  booktitle = {2020 {IEEE/CVF} Conference on Computer Vision and Pattern Recognition,
               {CVPR} 2020, Seattle, WA, USA, June 13-19, 2020},
  pages     = {8550--8559},
  publisher = {Computer Vision Foundation / {IEEE}},
  year      = {2020},
  url       = {https://openaccess.thecvf.com/content\_CVPR\_2020/html/Li\_Learning\_Dynamic\_Routing\_for\_Semantic\_Segmentation\_CVPR\_2020\_paper.html},
  doi       = {10.1109/CVPR42600.2020.00858},
  timestamp = {Tue, 31 Aug 2021 14:00:04 +0200},
  biburl    = {https://dblp.org/rec/conf/cvpr/LiSCLZWS20.bib},
  bibsource = {dblp computer science bibliography, https://dblp.org}
}

@article{krishna2017visual,
  title={Visual genome: Connecting language and vision using crowdsourced dense image annotations},
  author={Krishna, Ranjay and Zhu, Yuke and Groth, Oliver and Johnson, Justin and Hata, Kenji and Kravitz, Joshua and Chen, Stephanie and Kalantidis, Yannis and Li, Li-Jia and Shamma, David A and others},
  journal={International journal of computer vision},
  volume={123},
  number={1},
  pages={32--73},
  year={2017},
  publisher={Springer}
}

@inproceedings{li2020overcoming,
  title={Overcoming classifier imbalance for long-tail object detection with balanced group softmax},
  author={Li, Yu and Wang, Tao and Kang, Bingyi and Tang, Sheng and Wang, Chunfeng and Li, Jintao and Feng, Jiashi},
  booktitle={Proceedings of the IEEE/CVF conference on computer vision and pattern recognition},
  pages={10991--11000},
  year={2020}
}

@inproceedings{DBLP:conf/iclr/KangXRYGFK20,
  author    = {Bingyi Kang and
               Saining Xie and
               Marcus Rohrbach and
               Zhicheng Yan and
               Albert Gordo and
               Jiashi Feng and
               Yannis Kalantidis},
  title     = {Decoupling Representation and Classifier for Long-Tailed Recognition},
  booktitle = {8th International Conference on Learning Representations, {ICLR} 2020,
               Addis Ababa, Ethiopia, April 26-30, 2020},
  publisher = {OpenReview.net},
  year      = {2020},
  url       = {https://openreview.net/forum?id=r1gRTCVFvB},
  timestamp = {Thu, 07 May 2020 17:11:47 +0200},
  biburl    = {https://dblp.org/rec/conf/iclr/KangXRYGFK20.bib},
  bibsource = {dblp computer science bibliography, https://dblp.org}
}

@inproceedings{DBLP:conf/emnlp/PenningtonSM14,
  author    = {Jeffrey Pennington and
               Richard Socher and
               Christopher D. Manning},
  editor    = {Alessandro Moschitti and
               Bo Pang and
               Walter Daelemans},
  title     = {Glove: Global Vectors for Word Representation},
  booktitle = {Proceedings of the 2014 Conference on Empirical Methods in Natural
               Language Processing, {EMNLP} 2014, October 25-29, 2014, Doha, Qatar,
               {A} meeting of SIGDAT, a Special Interest Group of the {ACL}},
  pages     = {1532--1543},
  publisher = {{ACL}},
  year      = {2014},
  url       = {https://doi.org/10.3115/v1/d14-1162},
  doi       = {10.3115/v1/d14-1162},
  timestamp = {Fri, 06 Aug 2021 00:40:40 +0200},
  biburl    = {https://dblp.org/rec/conf/emnlp/PenningtonSM14.bib},
  bibsource = {dblp computer science bibliography, https://dblp.org}
}

@article{DBLP:journals/corr/abs-1906-07155,
  author    = {Kai Chen and
               Jiaqi Wang and
               Jiangmiao Pang and
               Yuhang Cao and
               Yu Xiong and
               Xiaoxiao Li and
               Shuyang Sun and
               Wansen Feng and
               Ziwei Liu and
               Jiarui Xu and
               Zheng Zhang and
               Dazhi Cheng and
               Chenchen Zhu and
               Tianheng Cheng and
               Qijie Zhao and
               Buyu Li and
               Xin Lu and
               Rui Zhu and
               Yue Wu and
               Jifeng Dai and
               Jingdong Wang and
               Jianping Shi and
               Wanli Ouyang and
               Chen Change Loy and
               Dahua Lin},
  title     = {MMDetection: Open MMLab Detection Toolbox and Benchmark},
  journal   = {CoRR},
  volume    = {abs/1906.07155},
  year      = {2019},
  url       = {http://arxiv.org/abs/1906.07155},
  eprinttype = {arXiv},
  eprint    = {1906.07155},
  timestamp = {Thu, 25 Mar 2021 13:19:45 +0100},
  biburl    = {https://dblp.org/rec/journals/corr/abs-1906-07155.bib},
  bibsource = {dblp computer science bibliography, https://dblp.org}
}

@inproceedings{DBLP:conf/vissym/RauberFT16,
  author    = {Paulo E. Rauber and
               Alexandre X. Falc{\~{a}}o and
               Alexandru C. Telea},
  editor    = {Enrico Bertini and
               Niklas Elmqvist and
               Thomas Wischgoll},
  title     = {Visualizing Time-Dependent Data Using Dynamic t-SNE},
  booktitle = {18th Eurographics Conference on Visualization, EuroVis 2016 - Short
               Papers, Groningen, The Netherlands, June 6-10, 2016},
  pages     = {73--77},
  publisher = {Eurographics Association},
  year      = {2016},
  url       = {https://doi.org/10.2312/eurovisshort.20161164},
  doi       = {10.2312/eurovisshort.20161164},
  timestamp = {Wed, 01 Jul 2020 13:32:37 +0200},
  biburl    = {https://dblp.org/rec/conf/vissym/RauberFT16.bib},
  bibsource = {dblp computer science bibliography, https://dblp.org}
}

@article{zhou2020graph,
  title={Graph neural networks: A review of methods and applications},
  author={Zhou, Jie and Cui, Ganqu and Hu, Shengding and Zhang, Zhengyan and Yang, Cheng and Liu, Zhiyuan and Wang, Lifeng and Li, Changcheng and Sun, Maosong},
  journal={AI Open},
  volume={1},
  pages={57--81},
  year={2020},
  publisher={Elsevier}
}

@inproceedings{lin2017focal,
  title={Focal loss for dense object detection},
  author={Lin, Tsung-Yi and Goyal, Priya and Girshick, Ross and He, Kaiming and Doll{\'a}r, Piotr},
  booktitle={Proceedings of the IEEE international conference on computer vision},
  pages={2980--2988},
  year={2017}
}

@inproceedings{wu2018group,
  title={Group normalization},
  author={Wu, Yuxin and He, Kaiming},
  booktitle={Proceedings of the European conference on computer vision (ECCV)},
  pages={3--19},
  year={2018}
}

@article{ulyanov2016instance,
  title={Instance normalization: The missing ingredient for fast stylization},
  author={Ulyanov, Dmitry and Vedaldi, Andrea and Lempitsky, Victor},
  journal={arXiv preprint arXiv:1607.08022},
  year={2016}
}

@inproceedings{ioffe2015batch,
  title={Batch normalization: Accelerating deep network training by reducing internal covariate shift},
  author={Ioffe, Sergey and Szegedy, Christian},
  booktitle={International conference on machine learning},
  pages={448--456},
  year={2015},
  organization={PMLR}
}

@inproceedings{he2016identity,
  title={Identity mappings in deep residual networks},
  author={He, Kaiming and Zhang, Xiangyu and Ren, Shaoqing and Sun, Jian},
  booktitle={European conference on computer vision},
  pages={630--645},
  year={2016},
  organization={Springer}
}

@inproceedings{DBLP:conf/mlcw/EveringhamZWGABCDDDDEFFGGJKKLLLMNSSSSSSTUVZ05,
  author    = {Mark Everingham and
               Andrew Zisserman and
               Christopher K. I. Williams and
               Luc Van Gool and
               Moray Allan and
               Christopher M. Bishop and
               Olivier Chapelle and
               Navneet Dalal and
               Thomas Deselaers and
               Gyuri Dork{\'{o}} and
               Stefan Duffner and
               Jan Eichhorn and
               Jason D. R. Farquhar and
               Mario Fritz and
               Christophe Garcia and
               Thomas L. Griffiths and
               Fr{\'{e}}d{\'{e}}ric Jurie and
               Daniel Keysers and
               Markus Koskela and
               Jorma Laaksonen and
               Diane Larlus and
               Bastian Leibe and
               Hongying Meng and
               Hermann Ney and
               Bernt Schiele and
               Cordelia Schmid and
               Edgar Seemann and
               John Shawe{-}Taylor and
               Amos J. Storkey and
               S{\'{a}}ndor Szedm{\'{a}}k and
               Bill Triggs and
               Ilkay Ulusoy and
               Ville Viitaniemi and
               Jianguo Zhang},
  editor    = {Joaquin Qui{\~{n}}onero Candela and
               Ido Dagan and
               Bernardo Magnini and
               Florence d'Alch{\'{e}}{-}Buc},
  title     = {The 2005 {PASCAL} Visual Object Classes Challenge},
  booktitle = {Machine Learning Challenges, Evaluating Predictive Uncertainty, Visual
               Object Classification and Recognizing Textual Entailment, First {PASCAL}
               Machine Learning Challenges Workshop, {MLCW} 2005, Southampton, UK,
               April 11-13, 2005, Revised Selected Papers},
  series    = {Lecture Notes in Computer Science},
  volume    = {3944},
  pages     = {117--176},
  publisher = {Springer},
  year      = {2005},
  url       = {https://doi.org/10.1007/11736790\_8},
  doi       = {10.1007/11736790\_8},
  timestamp = {Fri, 17 Jul 2020 11:38:59 +0200},
  biburl    = {https://dblp.org/rec/conf/mlcw/EveringhamZWGABCDDDDEFFGGJKKLLLMNSSSSSSTUVZ05.bib},
  bibsource = {dblp computer science bibliography, https://dblp.org}
}

@inproceedings{tan2019efficientnet,
  title={Efficientnet: Rethinking model scaling for convolutional neural networks},
  author={Tan, Mingxing and Le, Quoc},
  booktitle={International conference on machine learning},
  pages={6105--6114},
  year={2019},
  organization={PMLR}
}

@inproceedings{DBLP:conf/iccv/DuanBXQH019,
  author    = {Kaiwen Duan and
               Song Bai and
               Lingxi Xie and
               Honggang Qi and
               Qingming Huang and
               Qi Tian},
  title     = {CenterNet: Keypoint Triplets for Object Detection},
  booktitle = {2019 {IEEE/CVF} International Conference on Computer Vision, {ICCV}
               2019, Seoul, Korea (South), October 27 - November 2, 2019},
  pages     = {6568--6577},
  publisher = {{IEEE}},
  year      = {2019},
  url       = {https://doi.org/10.1109/ICCV.2019.00667},
  doi       = {10.1109/ICCV.2019.00667},
  timestamp = {Thu, 05 Mar 2020 13:43:22 +0100},
  biburl    = {https://dblp.org/rec/conf/iccv/DuanBXQH019.bib},
  bibsource = {dblp computer science bibliography, https://dblp.org}
}

@inproceedings{DBLP:conf/iccv/YangLHWL19,
  author    = {Ze Yang and
               Shaohui Liu and
               Han Hu and
               Liwei Wang and
               Stephen Lin},
  title     = {RepPoints: Point Set Representation for Object Detection},
  booktitle = {2019 {IEEE/CVF} International Conference on Computer Vision, {ICCV}
               2019, Seoul, Korea (South), October 27 - November 2, 2019},
  pages     = {9656--9665},
  publisher = {{IEEE}},
  year      = {2019},
  url       = {https://doi.org/10.1109/ICCV.2019.00975},
  doi       = {10.1109/ICCV.2019.00975},
  timestamp = {Mon, 15 Mar 2021 11:58:26 +0100},
  biburl    = {https://dblp.org/rec/conf/iccv/YangLHWL19.bib},
  bibsource = {dblp computer science bibliography, https://dblp.org}
}


@inproceedings{burnett2019autotrack,
  title={autotrack: A lightweight object detection and tracking system for the sae autodrive challenge},
  author={Burnett, Keenan and Samavi, Sepehr and Waslander, Steven and Barfoot, Timothy and Schoellig, Angela},
  booktitle={2019 16th Conference on Computer and Robot Vision (CRV)},
  pages={209--216},
  year={2019},
  organization={IEEE}
}

@inproceedings{DBLP:conf/aaai/Qian0PYG21,
  author    = {Wen Qian and
               Xue Yang and
               Silong Peng and
               Junchi Yan and
               Yue Guo},
  title     = {Learning Modulated Loss for Rotated Object Detection},
  booktitle = {Thirty-Fifth {AAAI} Conference on Artificial Intelligence, {AAAI}
               2021, Thirty-Third Conference on Innovative Applications of Artificial
               Intelligence, {IAAI} 2021, The Eleventh Symposium on Educational Advances
               in Artificial Intelligence, {EAAI} 2021, Virtual Event, February 2-9,
               2021},
  pages     = {2458--2466},
  publisher = {{AAAI} Press},
  year      = {2021},
  url       = {https://ojs.aaai.org/index.php/AAAI/article/view/16347},
  timestamp = {Wed, 02 Jun 2021 18:09:11 +0200},
  biburl    = {https://dblp.org/rec/conf/aaai/Qian0PYG21.bib},
  bibsource = {dblp computer science bibliography, https://dblp.org}
}

@inproceedings{DBLP:conf/iccv/YangYY0ZGSF19,
  author    = {Xue Yang and
               Jirui Yang and
               Junchi Yan and
               Yue Zhang and
               Tengfei Zhang and
               Zhi Guo and
               Xian Sun and
               Kun Fu},
  title     = {SCRDet: Towards More Robust Detection for Small, Cluttered and Rotated
               Objects},
  booktitle = {2019 {IEEE/CVF} International Conference on Computer Vision, {ICCV}
               2019, Seoul, Korea (South), October 27 - November 2, 2019},
  pages     = {8231--8240},
  publisher = {{IEEE}},
  year      = {2019},
  url       = {https://doi.org/10.1109/ICCV.2019.00832},
  doi       = {10.1109/ICCV.2019.00832},
  timestamp = {Mon, 21 Feb 2022 19:31:13 +0100},
  biburl    = {https://dblp.org/rec/conf/iccv/YangYY0ZGSF19.bib},
  bibsource = {dblp computer science bibliography, https://dblp.org}
}

@inproceedings{DBLP:conf/icip/NabatiQ19,
  author    = {Ramin Nabati and
               Hairong Qi},
  title     = {{RRPN:} Radar Region Proposal Network for Object Detection in Autonomous
               Vehicles},
  booktitle = {2019 {IEEE} International Conference on Image Processing, {ICIP} 2019,
               Taipei, Taiwan, September 22-25, 2019},
  pages     = {3093--3097},
  publisher = {{IEEE}},
  year      = {2019},
  url       = {https://doi.org/10.1109/ICIP.2019.8803392},
  doi       = {10.1109/ICIP.2019.8803392},
  timestamp = {Thu, 29 Jul 2021 14:12:47 +0200},
  biburl    = {https://dblp.org/rec/conf/icip/NabatiQ19.bib},
  bibsource = {dblp computer science bibliography, https://dblp.org}
}

@inproceedings{song2020revisiting,
  title={Revisiting the sibling head in object detector},
  author={Song, Guanglu and Liu, Yu and Wang, Xiaogang},
  booktitle={Proceedings of the IEEE/CVF Conference on Computer Vision and Pattern Recognition},
  pages={11563--11572},
  year={2020}
}

@inproceedings{wu2020rethinking,
  title={Rethinking classification and localization for object detection},
  author={Wu, Yue and Chen, Yinpeng and Yuan, Lu and Liu, Zicheng and Wang, Lijuan and Li, Hongzhi and Fu, Yun},
  booktitle={Proceedings of the IEEE/CVF conference on computer vision and pattern recognition},
  pages={10186--10195},
  year={2020}
}

@inproceedings{DBLP:conf/eccv/LinMBHPRDZ14,
  author    = {Tsung{-}Yi Lin and
               Michael Maire and
               Serge J. Belongie and
               James Hays and
               Pietro Perona and
               Deva Ramanan and
               Piotr Doll{\'{a}}r and
               C. Lawrence Zitnick},
  editor    = {David J. Fleet and
               Tom{\'{a}}s Pajdla and
               Bernt Schiele and
               Tinne Tuytelaars},
  title     = {Microsoft {COCO:} Common Objects in Context},
  booktitle = {Computer Vision - {ECCV} 2014 - 13th European Conference, Zurich,
               Switzerland, September 6-12, 2014, Proceedings, Part {V}},
  series    = {Lecture Notes in Computer Science},
  volume    = {8693},
  pages     = {740--755},
  publisher = {Springer},
  year      = {2014},
  url       = {https://doi.org/10.1007/978-3-319-10602-1\_48},
  doi       = {10.1007/978-3-319-10602-1\_48},
  timestamp = {Tue, 14 May 2019 10:00:45 +0200},
  biburl    = {https://dblp.org/rec/conf/eccv/LinMBHPRDZ14.bib},
  bibsource = {dblp computer science bibliography, https://dblp.org}
}

@article{DBLP:journals/corr/abs-1904-07850,
  author    = {Xingyi Zhou and
               Dequan Wang and
               Philipp Kr{\"{a}}henb{\"{u}}hl},
  title     = {Objects as Points},
  journal   = {CoRR},
  volume    = {abs/1904.07850},
  year      = {2019},
  url       = {http://arxiv.org/abs/1904.07850},
  eprinttype = {arXiv},
  eprint    = {1904.07850},
  timestamp = {Fri, 26 Apr 2019 13:18:53 +0200},
  biburl    = {https://dblp.org/rec/journals/corr/abs-1904-07850.bib},
  bibsource = {dblp computer science bibliography, https://dblp.org}
}

@inproceedings{DBLP:conf/pricai/YangLMHRS21,
  author    = {Yang Yang and
               Min Li and
               Bo Meng and
               Zihao Huang and
               Junxing Ren and
               Degang Sun},
  editor    = {Duc Nghia Pham and
               Thanaruk Theeramunkong and
               Guido Governatori and
               Fenrong Liu},
  title     = {Objects as Extreme Points},
  booktitle = {{PRICAI} 2021: Trends in Artificial Intelligence - 18th Pacific Rim
               International Conference on Artificial Intelligence, {PRICAI} 2021,
               Hanoi, Vietnam, November 8-12, 2021, Proceedings, Part {III}},
  series    = {Lecture Notes in Computer Science},
  volume    = {13033},
  pages     = {195--208},
  publisher = {Springer},
  year      = {2021},
  url       = {https://doi.org/10.1007/978-3-030-89370-5\_15},
  doi       = {10.1007/978-3-030-89370-5\_15},
  timestamp = {Fri, 05 Nov 2021 14:50:25 +0100},
  biburl    = {https://dblp.org/rec/conf/pricai/YangLMHRS21.bib},
  bibsource = {dblp computer science bibliography, https://dblp.org}
}

@inproceedings{DBLP:conf/cvpr/PengBSZTY20,
  author    = {Junran Peng and
               Xingyuan Bu and
               Ming Sun and
               Zhaoxiang Zhang and
               Tieniu Tan and
               Junjie Yan},
  title     = {Large-Scale Object Detection in the Wild From Imbalanced Multi-Labels},
  booktitle = {2020 {IEEE/CVF} Conference on Computer Vision and Pattern Recognition,
               {CVPR} 2020, Seattle, WA, USA, June 13-19, 2020},
  pages     = {9706--9715},
  publisher = {Computer Vision Foundation / {IEEE}},
  year      = {2020},
  url       = {https://openaccess.thecvf.com/content\_CVPR\_2020/html/Peng\_Large-Scale\_Object\_Detection\_in\_the\_Wild\_From\_Imbalanced\_Multi-Labels\_CVPR\_2020\_paper.html},
  doi       = {10.1109/CVPR42600.2020.00973},
  timestamp = {Mon, 20 Sep 2021 16:49:58 +0200},
  biburl    = {https://dblp.org/rec/conf/cvpr/PengBSZTY20.bib},
  bibsource = {dblp computer science bibliography, https://dblp.org}
}

@article{DBLP:journals/cacm/KrizhevskySH17,
  author    = {Alex Krizhevsky and
               Ilya Sutskever and
               Geoffrey E. Hinton},
  title     = {ImageNet classification with deep convolutional neural networks},
  journal   = {Commun. {ACM}},
  volume    = {60},
  number    = {6},
  pages     = {84--90},
  year      = {2017},
  url       = {http://doi.acm.org/10.1145/3065386},
  doi       = {10.1145/3065386},
  timestamp = {Sun, 02 Jun 2019 20:48:58 +0200},
  biburl    = {https://dblp.org/rec/journals/cacm/KrizhevskySH17.bib},
  bibsource = {dblp computer science bibliography, https://dblp.org}
}

@article{DBLP:journals/ijcv/RussakovskyDSKS15,
  author    = {Olga Russakovsky and
               Jia Deng and
               Hao Su and
               Jonathan Krause and
               Sanjeev Satheesh and
               Sean Ma and
               Zhiheng Huang and
               Andrej Karpathy and
               Aditya Khosla and
               Michael S. Bernstein and
               Alexander C. Berg and
               Li Fei{-}Fei},
  title     = {ImageNet Large Scale Visual Recognition Challenge},
  journal   = {Int. J. Comput. Vis.},
  volume    = {115},
  number    = {3},
  pages     = {211--252},
  year      = {2015},
  url       = {https://doi.org/10.1007/s11263-015-0816-y},
  doi       = {10.1007/s11263-015-0816-y},
  timestamp = {Wed, 15 Sep 2021 14:13:01 +0200},
  biburl    = {https://dblp.org/rec/journals/ijcv/RussakovskyDSKS15.bib},
  bibsource = {dblp computer science bibliography, https://dblp.org}
}

@inproceedings{DBLP:conf/cvpr/SzegedyLJSRAEVR15,
  author    = {Christian Szegedy and
               Wei Liu and
               Yangqing Jia and
               Pierre Sermanet and
               Scott E. Reed and
               Dragomir Anguelov and
               Dumitru Erhan and
               Vincent Vanhoucke and
               Andrew Rabinovich},
  title     = {Going deeper with convolutions},
  booktitle = {{IEEE} Conference on Computer Vision and Pattern Recognition, {CVPR}
               2015, Boston, MA, USA, June 7-12, 2015},
  pages     = {1--9},
  publisher = {{IEEE} Computer Society},
  year      = {2015},
  url       = {https://doi.org/10.1109/CVPR.2015.7298594},
  doi       = {10.1109/CVPR.2015.7298594},
  timestamp = {Wed, 16 Oct 2019 14:14:50 +0200},
  biburl    = {https://dblp.org/rec/conf/cvpr/SzegedyLJSRAEVR15.bib},
  bibsource = {dblp computer science bibliography, https://dblp.org}
}

@inproceedings{DBLP:conf/cvpr/SzegedyVISW16,
  author    = {Christian Szegedy and
               Vincent Vanhoucke and
               Sergey Ioffe and
               Jonathon Shlens and
               Zbigniew Wojna},
  title     = {Rethinking the Inception Architecture for Computer Vision},
  booktitle = {2016 {IEEE} Conference on Computer Vision and Pattern Recognition,
               {CVPR} 2016, Las Vegas, NV, USA, June 27-30, 2016},
  pages     = {2818--2826},
  publisher = {{IEEE} Computer Society},
  year      = {2016},
  url       = {https://doi.org/10.1109/CVPR.2016.308},
  doi       = {10.1109/CVPR.2016.308},
  timestamp = {Sun, 25 Oct 2020 23:02:11 +0100},
  biburl    = {https://dblp.org/rec/conf/cvpr/SzegedyVISW16.bib},
  bibsource = {dblp computer science bibliography, https://dblp.org}
}

@inproceedings{DBLP:conf/aaai/SzegedyIVA17,
  author    = {Christian Szegedy and
               Sergey Ioffe and
               Vincent Vanhoucke and
               Alexander A. Alemi},
  editor    = {Satinder P. Singh and
               Shaul Markovitch},
  title     = {Inception-v4, Inception-ResNet and the Impact of Residual Connections
               on Learning},
  booktitle = {Proceedings of the Thirty-First {AAAI} Conference on Artificial Intelligence,
               February 4-9, 2017, San Francisco, California, {USA}},
  pages     = {4278--4284},
  publisher = {{AAAI} Press},
  year      = {2017},
  url       = {http://aaai.org/ocs/index.php/AAAI/AAAI17/paper/view/14806},
  timestamp = {Wed, 10 Feb 2021 08:43:31 +0100},
  biburl    = {https://dblp.org/rec/conf/aaai/SzegedyIVA17.bib},
  bibsource = {dblp computer science bibliography, https://dblp.org}
}

@inproceedings{DBLP:journals/corr/SimonyanZ14a,
  author    = {Karen Simonyan and
               Andrew Zisserman},
  editor    = {Yoshua Bengio and
               Yann LeCun},
  title     = {Very Deep Convolutional Networks for Large-Scale Image Recognition},
  booktitle = {3rd International Conference on Learning Representations, {ICLR} 2015,
               San Diego, CA, USA, May 7-9, 2015, Conference Track Proceedings},
  year      = {2015},
  url       = {http://arxiv.org/abs/1409.1556},
  timestamp = {Wed, 17 Jul 2019 10:40:54 +0200},
  biburl    = {https://dblp.org/rec/journals/corr/SimonyanZ14a.bib},
  bibsource = {dblp computer science bibliography, https://dblp.org}
}

@article{iandola2016squeezenet,
  title={SqueezeNet: AlexNet-level accuracy with 50x fewer parameters and< 0.5 MB model size.(2016)},
  author={Iandola, Forrest N and Han, Song and Moskewicz, Matthew W and Ashraf, Khalid and Dally, William J and Keutzer, Kurt},
  journal={arXiv preprint arXiv:1602.07360},
  volume={1},
  number={10},
  year={2016}
}

@article{DBLP:journals/corr/HowardZCKWWAA17,
  author    = {Andrew G. Howard and
               Menglong Zhu and
               Bo Chen and
               Dmitry Kalenichenko and
               Weijun Wang and
               Tobias Weyand and
               Marco Andreetto and
               Hartwig Adam},
  title     = {MobileNets: Efficient Convolutional Neural Networks for Mobile Vision
               Applications},
  journal   = {CoRR},
  volume    = {abs/1704.04861},
  year      = {2017},
  url       = {http://arxiv.org/abs/1704.04861},
  eprinttype = {arXiv},
  eprint    = {1704.04861},
  timestamp = {Thu, 27 May 2021 16:20:51 +0200},
  biburl    = {https://dblp.org/rec/journals/corr/HowardZCKWWAA17.bib},
  bibsource = {dblp computer science bibliography, https://dblp.org}
}

@inproceedings{DBLP:conf/cvpr/KongSYLLC17,
  author    = {Tao Kong and
               Fuchun Sun and
               Anbang Yao and
               Huaping Liu and
               Ming Lu and
               Yurong Chen},
  title     = {{RON:} Reverse Connection with Objectness Prior Networks for Object
               Detection},
  booktitle = {2017 {IEEE} Conference on Computer Vision and Pattern Recognition,
               {CVPR} 2017, Honolulu, HI, USA, July 21-26, 2017},
  pages     = {5244--5252},
  publisher = {{IEEE} Computer Society},
  year      = {2017},
  url       = {https://doi.org/10.1109/CVPR.2017.557},
  doi       = {10.1109/CVPR.2017.557},
  timestamp = {Wed, 01 Sep 2021 08:14:08 +0200},
  biburl    = {https://dblp.org/rec/conf/cvpr/KongSYLLC17.bib},
  bibsource = {dblp computer science bibliography, https://dblp.org}
}


@article{DBLP:journals/corr/abs-2111-00902,
  author    = {Guanghua Yu and
               Qinyao Chang and
               Wenyu Lv and
               Chang Xu and
               Cheng Cui and
               Wei Ji and
               Qingqing Dang and
               Kaipeng Deng and
               Guanzhong Wang and
               Yuning Du and
               Baohua Lai and
               Qiwen Liu and
               Xiaoguang Hu and
               Dianhai Yu and
               Yanjun Ma},
  title     = {PP-PicoDet: {A} Better Real-Time Object Detector on Mobile Devices},
  journal   = {CoRR},
  volume    = {abs/2111.00902},
  year      = {2021},
  url       = {https://arxiv.org/abs/2111.00902},
  eprinttype = {arXiv},
  eprint    = {2111.00902},
  timestamp = {Fri, 05 Nov 2021 15:25:54 +0100},
  biburl    = {https://dblp.org/rec/journals/corr/abs-2111-00902.bib},
  bibsource = {dblp computer science bibliography, https://dblp.org}
}

@article{dempster1977maximum,
  title={Maximum likelihood from incomplete data via the EM algorithm},
  author={Dempster, Arthur P and Laird, Nan M and Rubin, Donald B},
  journal={Journal of the Royal Statistical Society: Series B (Methodological)},
  volume={39},
  number={1},
  pages={1--22},
  year={1977},
  publisher={Wiley Online Library}
}

@inproceedings{DBLP:conf/emnlp/ChoMGBBSB14,
  author    = {Kyunghyun Cho and
               Bart van Merrienboer and
               {\c{C}}aglar G{\"{u}}l{\c{c}}ehre and
               Dzmitry Bahdanau and
               Fethi Bougares and
               Holger Schwenk and
               Yoshua Bengio},
  editor    = {Alessandro Moschitti and
               Bo Pang and
               Walter Daelemans},
  title     = {Learning Phrase Representations using {RNN} Encoder-Decoder for Statistical
               Machine Translation},
  booktitle = {Proceedings of the 2014 Conference on Empirical Methods in Natural
               Language Processing, {EMNLP} 2014, October 25-29, 2014, Doha, Qatar,
               {A} meeting of SIGDAT, a Special Interest Group of the {ACL}},
  pages     = {1724--1734},
  publisher = {{ACL}},
  year      = {2014},
  url       = {https://doi.org/10.3115/v1/d14-1179},
  doi       = {10.3115/v1/d14-1179},
  timestamp = {Fri, 06 Aug 2021 00:40:23 +0200},
  biburl    = {https://dblp.org/rec/conf/emnlp/ChoMGBBSB14.bib},
  bibsource = {dblp computer science bibliography, https://dblp.org}
}

@inproceedings{neubeck2006efficient,
  title={Efficient non-maximum suppression},
  author={Neubeck, Alexander and Van Gool, Luc},
  booktitle={18th International Conference on Pattern Recognition (ICPR'06)},
  volume={3},
  pages={850--855},
  year={2006},
  organization={IEEE}
}

@inproceedings{zhou2017scene,
  title={Scene parsing through ade20k dataset},
  author={Zhou, Bolei and Zhao, Hang and Puig, Xavier and Fidler, Sanja and Barriuso, Adela and Torralba, Antonio},
  booktitle={Proceedings of the IEEE conference on computer vision and pattern recognition},
  pages={633--641},
  year={2017}
}

@article{路雪2019一种深度学习的非机动车辆目标检测算法,
  title={一种深度学习的非机动车辆目标检测算法},
  author={路雪 and 刘坤 and 程永翔},
  journal={计算机工程与应用},
  volume={55},
  number={8},
  pages={8},
  year={2019},
  language={zh}
}

@article{张义2016智慧城市多模式数据融合模型,
  title={智慧城市多模式数据融合模型},
  author={张义 and 陈虞君 and 杜博文 and 蒲菊华 and 熊璋},
  year={2016},
  publisher={北京航空航天大学学报},
  language={zh}
}

@article{王立才2012上下文感知推荐系统,
  title={上下文感知推荐系统},
  author={王立才 and 孟祥武 and 张玉洁},
  journal={软件学报},
  volume={23},
  number={1},
  year={2012},
  language={zh}
}

@article{周凤丽2010人脸识别方法综述,
  title={人脸识别方法综述},
  author={周凤丽 and 杨艳霞},
  journal={软件导刊},
  number={6},
  pages={181--182},
  year={2010},
  language={zh}
}

@article{szegedy2013intriguing,
  title={Intriguing properties of neural networks},
  author={Szegedy, Christian and Zaremba, Wojciech and Sutskever, Ilya and Bruna, Joan and Erhan, Dumitru and Goodfellow, Ian and Fergus, Rob},
  journal={arXiv preprint arXiv:1312.6199},
  year={2013}
}
@inproceedings{jian2015deep,
  title={Deep residual learning for image recognition},
  author={Jian, S},
  booktitle={Proc. CVPR},
  pages={1--26},
  year={2015}
}

@inproceedings{szegedy2016rethinking,
  title={Rethinking the inception architecture for computer vision},
  author={Szegedy, Christian and Vanhoucke, Vincent and Ioffe, Sergey and Shlens, Jon and Wojna, Zbigniew},
  booktitle={Proceedings of the IEEE conference on computer vision and pattern recognition},
  pages={2818--2826},
  year={2016}
}
@article{wang1702residual,
  title={Residual convolutional CTC networks for automatic speech recognition},
  author={Wang, Y and Deng, X and Pu, S and Huang, Z},
  journal={arXiv preprint arXiv:1702.07793},
  year={2017}
}
@article{devlin2018bert,
  title={Bert: Pre-training of deep bidirectional transformers for language understanding},
  author={Devlin, Jacob and Chang, Ming-Wei and Lee, Kenton and Toutanova, Kristina},
  journal={arXiv preprint arXiv:1810.04805},
  year={2018}
}
@inproceedings{carlini2017towards,
  title={Towards evaluating the robustness of neural networks},
  author={Carlini, Nicholas and Wagner, David},
  booktitle={2017 ieee symposium on security and privacy (sp)},
  pages={39--57},
  year={2017},
  organization={IEEE}
}
@article{bradshaw2017adversarial,
  title={Adversarial examples, uncertainty, and transfer testing robustness in Gaussian process hybrid deep networks},
  author={Bradshaw, John and Matthews, Alexander G de G and Ghahramani, Zoubin},
  journal={arXiv preprint arXiv:1707.02476},
  year={2017}
}
@article{kurakin2016adversarial,
  title={Adversarial machine learning at scale},
  author={Kurakin, Alexey and Goodfellow, Ian and Bengio, Samy},
  journal={arXiv preprint arXiv:1611.01236},
  year={2016}
}
@inproceedings{carlini2017adversarial,
  title={Adversarial examples are not easily detected: Bypassing ten detection methods},
  author={Carlini, Nicholas and Wagner, David},
  booktitle={Proceedings of the 10th ACM workshop on artificial intelligence and security},
  pages={3--14},
  year={2017}
}
@incollection{kurakin2018adversarial,
  title={Adversarial examples in the physical world},
  author={Kurakin, Alexey and Goodfellow, Ian J and Bengio, Samy},
  booktitle={Artificial intelligence safety and security},
  pages={99--112},
  year={2018},
  publisher={Chapman and Hall/CRC}
}

@article{madry2017towards,
  title={Towards deep learning models resistant to adversarial attacks},
  author={Madry, Aleksander and Makelov, Aleksandar and Schmidt, Ludwig and Tsipras, Dimitris and Vladu, Adrian},
  journal={arXiv preprint arXiv:1706.06083},
  year={2017}
}
@inproceedings{papernot2016limitations,
  title={The limitations of deep learning in adversarial settings},
  author={Papernot, Nicolas and McDaniel, Patrick and Jha, Somesh and Fredrikson, Matt and Celik, Z Berkay and Swami, Ananthram},
  booktitle={2016 IEEE European symposium on security and privacy (EuroS\&P)},
  pages={372--387},
  year={2016},
  organization={IEEE}
}
@article{grosse2016adversarial,
  title={Adversarial perturbations against deep neural networks for malware classification},
  author={Grosse, Kathrin and Papernot, Nicolas and Manoharan, Praveen and Backes, Michael and McDaniel, Patrick},
  journal={arXiv preprint arXiv:1606.04435},
  year={2016}
}
@inproceedings{papernot2016crafting,
  title={Crafting adversarial input sequences for recurrent neural networks},
  author={Papernot, Nicolas and McDaniel, Patrick and Swami, Ananthram and Harang, Richard},
  booktitle={MILCOM 2016-2016 IEEE Military Communications Conference},
  pages={49--54},
  year={2016},
  organization={IEEE}
}
@article{goodfellow2014explaining,
  title={Explaining and harnessing adversarial examples},
  author={Goodfellow, Ian J and Shlens, Jonathon and Szegedy, Christian},
  journal={arXiv preprint arXiv:1412.6572},
  year={2014}
}
@inproceedings{moosavi2016deepfool,
  title={Deepfool: a simple and accurate method to fool deep neural networks},
  author={Moosavi-Dezfooli, Seyed-Mohsen and Fawzi, Alhussein and Frossard, Pascal},
  booktitle={Proceedings of the IEEE conference on computer vision and pattern recognition},
  pages={2574--2582},
  year={2016}
}
@inproceedings{papernot2016distillation,
  title={Distillation as a defense to adversarial perturbations against deep neural networks},
  author={Papernot, Nicolas and McDaniel, Patrick and Wu, Xi and Jha, Somesh and Swami, Ananthram},
  booktitle={2016 IEEE symposium on security and privacy (SP)},
  pages={582--597},
  year={2016},
  organization={IEEE}
}
@inproceedings{croce2020reliable,
  title={Reliable evaluation of adversarial robustness with an ensemble of diverse parameter-free attacks},
  author={Croce, Francesco and Hein, Matthias},
  booktitle={International conference on machine learning},
  pages={2206--2216},
  year={2020},
  organization={PMLR}
}
@article{hinton2015distilling,
  title={Distilling the knowledge in a neural network},
  author={Hinton, Geoffrey and Vinyals, Oriol and Dean, Jeff and others},
  journal={arXiv preprint arXiv:1503.02531},
  volume={2},
  number={7},
  year={2015}
}
@article{papernot2017extending,
  title={Extending defensive distillation},
  author={Papernot, Nicolas and McDaniel, Patrick},
  journal={arXiv preprint arXiv:1705.05264},
  year={2017}
}
@inproceedings{hu2018black,
  title={Black-box attacks against RNN based malware detection algorithms},
  author={Hu, Weiwei and Tan, Ying},
  booktitle={Workshops at the Thirty-Second AAAI Conference on Artificial Intelligence},
  pages={245--251},
  year={2018}
}
@article{hu2017generating,
  title={Generating adversarial malware examples for black-box attacks based on GAN},
  author={Hu, Weiwei and Tan, Ying},
  journal={arXiv preprint arXiv:1702.05983},
  year={2017}
}
@article{liu2016delving,
  title={Delving into transferable adversarial examples and black-box attacks},
  author={Liu, Yanpei and Chen, Xinyun and Liu, Chang and Song, Dawn},
  journal={arXiv preprint arXiv:1611.02770},
  year={2016}
}
@article{papernot2016transferability,
  title={Transferability in machine learning: from phenomena to black-box attacks using adversarial samples},
  author={Papernot, Nicolas and McDaniel, Patrick and Goodfellow, Ian},
  journal={arXiv preprint arXiv:1605.07277},
  year={2016}
}
@article{biggio2012poisoning,
  title={Poisoning attacks against support vector machines},
  author={Biggio, Battista and Nelson, Blaine and Laskov, Pavel},
  journal={arXiv preprint arXiv:1206.6389},
  year={2012}
}
@inproceedings{chen2017zoo,
  title={Zoo: Zeroth order optimization based black-box attacks to deep neural networks without training substitute models},
  author={Chen, Pin-Yu and Zhang, Huan and Sharma, Yash and Yi, Jinfeng and Hsieh, Cho-Jui},
  booktitle={Proceedings of the 10th ACM workshop on artificial intelligence and security},
  pages={15--26},
  year={2017}
}
@inproceedings{ilyas2018black,
  title={Black-box adversarial attacks with limited queries and information},
  author={Ilyas, Andrew and Engstrom, Logan and Athalye, Anish and Lin, Jessy},
  booktitle={International Conference on Machine Learning},
  pages={2137--2146},
  year={2018},
  organization={PMLR}
}
@article{ilyas2018prior,
  title={Prior convictions: Black-box adversarial attacks with bandits and priors},
  author={Ilyas, Andrew and Engstrom, Logan and Madry, Aleksander},
  journal={arXiv preprint arXiv:1807.07978},
  year={2018}
}
@inproceedings{papernot2017practical,
  title={Practical black-box attacks against machine learning},
  author={Papernot, Nicolas and McDaniel, Patrick and Goodfellow, Ian and Jha, Somesh and Celik, Z Berkay and Swami, Ananthram},
  booktitle={Proceedings of the 2017 ACM on Asia conference on computer and communications security},
  pages={506--519},
  year={2017}
}
@article{brendel2017decision,
  title={Decision-based adversarial attacks: Reliable attacks against black-box machine learning models},
  author={Brendel, Wieland and Rauber, Jonas and Bethge, Matthias},
  journal={arXiv preprint arXiv:1712.04248},
  year={2017}
}
@inproceedings{brunner2019guessing,
  title={Guessing smart: Biased sampling for efficient black-box adversarial attacks},
  author={Brunner, Thomas and Diehl, Frederik and Le, Michael Truong and Knoll, Alois},
  booktitle={Proceedings of the IEEE/CVF International Conference on Computer Vision},
  pages={4958--4966},
  year={2019}
}
@article{chen2019boundary,
  title={Boundary attack++: Query-efficient decision-based adversarial attack},
  author={Chen, Jianbo and Jordan, Michael I},
  journal={arXiv preprint arXiv:1904.02144},
  year={2019}
}
@article{vilalta2002perspective,
  title={A perspective view and survey of meta-learning},
  author={Vilalta, Ricardo and Drissi, Youssef},
  journal={Artificial intelligence review},
  volume={18},
  number={2},
  pages={77--95},
  year={2002},
  publisher={Springer}
}
@article{cheng2018query,
  title={Query-efficient hard-label black-box attack: An optimization-based approach},
  author={Cheng, Minhao and Le, Thong and Chen, Pin-Yu and Yi, Jinfeng and Zhang, Huan and Hsieh, Cho-Jui},
  journal={arXiv preprint arXiv:1807.04457},
  year={2018}
}
@article{nesterov2017random,
  title={Random gradient-free minimization of convex functions},
  author={Nesterov, Yurii and Spokoiny, Vladimir},
  journal={Foundations of Computational Mathematics},
  volume={17},
  number={2},
  pages={527--566},
  year={2017},
  publisher={Springer}
}
@article{cheng2019sign,
  title={Sign-opt: A query-efficient hard-label adversarial attack},
  author={Cheng, Minhao and Singh, Simranjit and Chen, Patrick and Chen, Pin-Yu and Liu, Sijia and Hsieh, Cho-Jui},
  journal={arXiv preprint arXiv:1909.10773},
  year={2019}
}
@inproceedings{chen2020rays,
  title={Rays: A ray searching method for hard-label adversarial attack},
  author={Chen, Jinghui and Gu, Quanquan},
  booktitle={Proceedings of the 26th ACM SIGKDD International Conference on Knowledge Discovery \& Data Mining},
  pages={1739--1747},
  year={2020}
}
@inproceedings{moosavi2017universal,
  title={Universal adversarial perturbations},
  author={Moosavi-Dezfooli, Seyed-Mohsen and Fawzi, Alhussein and Fawzi, Omar and Frossard, Pascal},
  booktitle={Proceedings of the IEEE conference on computer vision and pattern recognition},
  pages={1765--1773},
  year={2017}
}
@inproceedings{younger2001meta,
  title={Meta-learning with backpropagation},
  author={Younger, A Steven and Hochreiter, Sepp and Conwell, Peter R},
  booktitle={IJCNN'01. International Joint Conference on Neural Networks. Proceedings (Cat. No. 01CH37222)},
  volume={3},
  year={2001},
  pages={1--6},
  organization={IEEE}
}
@inproceedings{storck1995reinforcement,
  title={Reinforcement driven information acquisition in non-deterministic environments},
  author={Storck, Jan and Hochreiter, Sepp and Schmidhuber, J{\"u}rgen and others},
  booktitle={Proceedings of the international conference on artificial neural networks, Paris},
  volume={2},
  pages={159--164},
  year={1995},
  organization={Citeseer}
}
@inproceedings{wiering1998efficient,
  title={Efficient model-based exploration},
  author={Wiering, Marco and Schmidhuber, J{\"u}rgen},
  booktitle={Proceedings of the Sixth International Conference on Simulation of Adaptive Behavior: From Animals to Animats},
  volume={6},
  pages={223--228},
  year={1998},
  organization={MIT Press Cambridge, MA}
}
@article{schweighofer2003meta,
  title={Meta-learning in reinforcement learning},
  author={Schweighofer, Nicolas and Doya, Kenji},
  journal={Neural Networks},
  volume={16},
  number={1},
  pages={5--9},
  year={2003},
  publisher={Elsevier}
}
@article{moosavi2019analysis,
  title={Analysis of universal adversarial perturbations},
  author={Moosavi-Dezfooli, Seyed-Mohsen and Fawzi, A and Fawzi, O and Frossard, P and Soatto, S},
  journal={arXiv preprint arXiv:1705.09554},
  year={2019}
}
@article{guo2018low,
  title={Low frequency adversarial perturbation},
  author={Guo, Chuan and Frank, Jared S and Weinberger, Kilian Q},
  journal={arXiv preprint arXiv:1809.08758},
  year={2018}
}
@article{feinman2017detecting,
  title={Detecting adversarial samples from artifacts},
  author={Feinman, Reuben and Curtin, Ryan R and Shintre, Saurabh and Gardner, Andrew B},
  journal={arXiv preprint arXiv:1703.00410},
  year={2017}
}
@article{grosse2017statistical,
  title={On the (statistical) detection of adversarial examples},
  author={Grosse, Kathrin and Manoharan, Praveen and Papernot, Nicolas and Backes, Michael and McDaniel, Patrick},
  journal={arXiv preprint arXiv:1702.06280},
  year={2017}
}
@inproceedings{huang2017safety,
  title={Safety verification of deep neural networks},
  author={Huang, Xiaowei and Kwiatkowska, Marta and Wang, Sen and Wu, Min},
  booktitle={International conference on computer aided verification},
  pages={3--29},
  year={2017},
  organization={Springer}
}
@article{metzen2017detecting,
  title={On detecting adversarial perturbations},
  author={Metzen, Jan Hendrik and Genewein, Tim and Fischer, Volker and Bischoff, Bastian},
  journal={arXiv preprint arXiv:1702.04267},
  year={2017}
}
@article{gu2019detecting,
  title={Detecting adversarial examples in deep neural networks using normalizing filters},
  author={Gu, Shuangchi and Yi, Ping and Zhu, Ting and Yao, Yao and Wang, Wei},
  journal={UMBC Student Collection},
  year={2019},
  publisher={ScitePress}
}
@article{xu2017feature,
  title={Feature squeezing mitigates and detects carlini/wagner adversarial examples},
  author={Xu, Weilin and Evans, David and Qi, Yanjun},
  journal={arXiv preprint arXiv:1705.10686},
  year={2017}
}

@inproceedings{tu2019autozoom,
  title={Autozoom: Autoencoder-based zeroth order optimization method for attacking black-box neural networks},
  author={Tu, Chun-Chen and Ting, Paishun and Chen, Pin-Yu and Liu, Sijia and Zhang, Huan and Yi, Jinfeng and Hsieh, Cho-Jui and Cheng, Shin-Ming},
  booktitle={Proceedings of the AAAI Conference on Artificial Intelligence},
  volume={33},
  number={01},
  pages={742--749},
  year={2019}
}
@article{yan2019subspace,
  title={Subspace attack: Exploiting promising subspaces for query-efficient black-box attacks},
  author={Yan, Ziang and Guo, Yiwen and Zhang, Changshui},
  journal={arXiv preprint arXiv:1906.04392},
  year={2019}
}
@inproceedings{chen2020hopskipjumpattack,
  title={Hopskipjumpattack: A query-efficient decision-based attack},
  author={Chen, Jianbo and Jordan, Michael I and Wainwright, Martin J},
  booktitle={2020 ieee symposium on security and privacy (sp)},
  pages={1277--1294},
  year={2020},
  organization={IEEE}
}

@article{cheng2019improving,
  title={Improving black-box adversarial attacks with a transfer-based prior},
  author={Cheng, Shuyu and Dong, Yinpeng and Pang, Tianyu and Su, Hang and Zhu, Jun},
  journal={arXiv preprint arXiv:1906.06919},
  year={2019}
}
@article{guo2019subspace,
  title={Subspace attack: Exploiting promising subspaces for query-efficient black-box attacks},
  author={Guo, Yiwen and Yan, Ziang and Zhang, Changshui},
  journal={Advances in Neural Information Processing Systems},
  volume={32},
  year={2019}
}
@incollection{thrun1998learning,
  title={Learning to learn: Introduction and overview},
  author={Thrun, Sebastian and Pratt, Lorien},
  booktitle={Learning to learn},
  pages={3--17},
  year={1998},
  publisher={Springer}
}
@article{mishra2017simple,
  title={A simple neural attentive meta-learner},
  author={Mishra, Nikhil and Rohaninejad, Mostafa and Chen, Xi and Abbeel, Pieter},
  journal={arXiv preprint arXiv:1707.03141},
  year={2017}
}

@inproceedings{ravi2016optimization,
  author    = {Sachin Ravi and
               Hugo Larochelle},
  title     = {Optimization as a Model for Few-Shot Learning},
  booktitle = {5th International Conference on Learning Representations, {ICLR} 2017,
               Toulon, France, April 24-26, 2017, Conference Track Proceedings},
  publisher = {OpenReview.net},
  year      = {2017},
  url       = {https://openreview.net/forum?id=rJY0-Kcll},
  timestamp = {Thu, 04 Apr 2019 13:20:07 +0200},
  pages={1--11},
  biburl    = {https://dblp.org/rec/conf/iclr/RaviL17.bib},
  bibsource = {dblp computer science bibliography, https://dblp.org}
}
@article{stackelberg1952theory,
  title={The Theory of the Market Economy},
  author={ Richardson, G. B. },
  journal={Revue économique},
  year={1995},
}
@article{sinha2017review,
  title={A review on bilevel optimization: from classical to evolutionary approaches and applications},
  author={Sinha, Ankur and Malo, Pekka and Deb, Kalyanmoy},
  journal={IEEE Transactions on Evolutionary Computation},
  volume={22},
  number={2},
  pages={276--295},
  year={2017},
  publisher={IEEE}
}

@article{du2019query,
  title={Query-efficient meta attack to deep neural networks},
  author={Du, Jiawei and Zhang, Hu and Zhou, Joey Tianyi and Yang, Yi and Feng, Jiashi},
  journal={arXiv preprint arXiv:1906.02398},
  year={2019}
}

@inproceedings{li2019nattack,
  title={Nattack: Learning the distributions of adversarial examples for an improved black-box attack on deep neural networks},
  author={Li, Yandong and Li, Lijun and Wang, Liqiang and Zhang, Tong and Gong, Boqing},
  booktitle={International Conference on Machine Learning},
  pages={3866--3876},
  year={2019},
  organization={PMLR}
}
@inproceedings{franceschi2018bilevel,
  title={Bilevel programming for hyperparameter optimization and meta-learning},
  author={Franceschi, Luca and Frasconi, Paolo and Salzo, Saverio and Grazzi, Riccardo and Pontil, Massimiliano},
  booktitle={International Conference on Machine Learning},
  pages={1568--1577},
  year={2018},
  organization={PMLR}
}
@inproceedings{li2019feature,
  title={Feature-critic networks for heterogeneous domain generalization},
  author={Li, Yiying and Yang, Yongxin and Zhou, Wei and Hospedales, Timothy},
  booktitle={International Conference on Machine Learning},
  pages={3915--3924},
  year={2019},
  organization={PMLR}
}
@inproceedings{schmidhuber1991possibility,
  title={A possibility for implementing curiosity and boredom in model-building neural controllers},
  author={Schmidhuber, J{\"u}rgen},
  booktitle={Proc. of the international conference on simulation of adaptive behavior: From animals to animats},
  pages={222--227},
  year={1991}
}
@inproceedings{alzantot2019genattack,
  title={Genattack: Practical black-box attacks with gradient-free optimization},
  author={Alzantot, Moustafa and Sharma, Yash and Chakraborty, Supriyo and Zhang, Huan and Hsieh, Cho-Jui and Srivastava, Mani B},
  booktitle={Proceedings of the Genetic and Evolutionary Computation Conference},
  pages={1111--1119},
  year={2019}
}
@book{bengio1990learning,
  title={Learning a synaptic learning rule},
  author={Bengio, Yoshua and Bengio, Samy and Cloutier, Jocelyn},
  year={1990},
  publisher={Citeseer}
}
@inproceedings{guo2019simple,
  title={Simple black-box adversarial attacks},
  author={Guo, Chuan and Gardner, Jacob and You, Yurong and Wilson, Andrew Gordon and Weinberger, Kilian},
  booktitle={International Conference on Machine Learning},
  pages={2484--2493},
  year={2019},
  organization={PMLR}
}
@inproceedings{hochreiter2001learning,
  title={Learning to learn using gradient descent},
  author={Hochreiter, Sepp and Younger, A Steven and Conwell, Peter R},
  booktitle={International Conference on Artificial Neural Networks},
  pages={87--94},
  year={2001},
  organization={Springer}
}
@article{bengio1995search,
  title={On the search for new learning rules for ANNs},
  author={Bengio, Samy and Bengio, Yoshua and Cloutier, Jocelyn},
  journal={Neural Processing Letters},
  volume={2},
  number={4},
  pages={26--30},
  year={1995},
  publisher={Springer}
}
@article{schmidhuber1996simple,
  title={Simple principles of metalearning},
  author={Schmidhuber, Juergen and Zhao, Jieyu and Wiering, MA},
  journal={Technical report IDSIA},
  volume={69},
  pages={1--23},
  year={1996},
  publisher={IDSIA}
}
@inproceedings{schmidhuber1993neural,
  title={A neural network that embeds its own meta-levels},
  author={Schmidhuber, J{\"u}rgen},
  booktitle={IEEE International Conference on Neural Networks},
  pages={407--412},
  year={1993},
  organization={IEEE}
}
@inproceedings{andriushchenko2020square,
  title={Square attack: a query-efficient black-box adversarial attack via random search},
  author={Andriushchenko, Maksym and Croce, Francesco and Flammarion, Nicolas and Hein, Matthias},
  booktitle={European Conference on Computer Vision},
  pages={484--501},
  year={2020},
  organization={Springer}
}
@article{zagoruyko2016wide,
  title={Wide residual networks},
  author={Zagoruyko, Sergey and Komodakis, Nikos},
  journal={arXiv preprint arXiv:1605.07146},
  year={2016}
}
@inproceedings{dong2018boosting,
  title={Boosting adversarial attacks with momentum},
  author={Dong, Yinpeng and Liao, Fangzhou and Pang, Tianyu and Su, Hang and Zhu, Jun and Hu, Xiaolin and Li, Jianguo},
  booktitle={Proceedings of the IEEE conference on computer vision and pattern recognition},
  pages={9185--9193},
  year={2018}
}
@inproceedings{xie2019improving,
  title={Improving transferability of adversarial examples with input diversity},
  author={Xie, Cihang and Zhang, Zhishuai and Zhou, Yuyin and Bai, Song and Wang, Jianyu and Ren, Zhou and Yuille, Alan L},
  booktitle={Proceedings of the IEEE/CVF Conference on Computer Vision and Pattern Recognition},
  pages={2730--2739},
  year={2019}
}
@article{tramer2017ensemble,
  title={Ensemble adversarial training: Attacks and defenses},
  author={Tram{\`e}r, Florian and Kurakin, Alexey and Papernot, Nicolas and Goodfellow, Ian and Boneh, Dan and McDaniel, Patrick},
  journal={arXiv preprint arXiv:1705.07204},
  year={2017}
}
@inproceedings{zantedeschi2017efficient,
  title={Efficient defenses against adversarial attacks},
  author={Zantedeschi, Valentina and Nicolae, Maria-Irina and Rawat, Ambrish},
  booktitle={Proceedings of the 10th ACM Workshop on Artificial Intelligence and Security},
  pages={39--49},
  year={2017}
}
@inproceedings{zheng2016improving,
  title={Improving the robustness of deep neural networks via stability training},
  author={Zheng, Stephan and Song, Yang and Leung, Thomas and Goodfellow, Ian},
  booktitle={Proceedings of the ieee conference on computer vision and pattern recognition},
  pages={4480--4488},
  year={2016}
}
@inproceedings{dong2019evading,
  title={Evading defenses to transferable adversarial examples by translation-invariant attacks},
  author={Dong, Yinpeng and Pang, Tianyu and Su, Hang and Zhu, Jun},
  booktitle={Proceedings of the IEEE/CVF Conference on Computer Vision and Pattern Recognition},
  pages={4312--4321},
  year={2019}
}
@article{lecun1998gradient,
  title={Gradient-based learning applied to document recognition},
  author={LeCun, Yann and Bottou, L{\'e}on and Bengio, Yoshua and Haffner, Patrick},
  journal={Proceedings of the IEEE},
  volume={86},
  number={11},
  pages={2278--2324},
  year={1998},
  publisher={Ieee}
}
@article{wang2021improving,
  title={Improving adversarial transferability with gradient refining},
  author={Wang, Guoqiu and Yan, Huanqian and Guo, Ying and Wei, Xingxing},
  journal={arXiv preprint arXiv:2105.04834},
  year={2021}
}
@incollection{hecht1992theory,
  title={Theory of the backpropagation neural network},
  author={Hecht-Nielsen, Robert},
  booktitle={Neural networks for perception},
  pages={65--93},
  year={1992},
  publisher={Elsevier}
}
@article{lin2019nesterov,
  title={Nesterov accelerated gradient and scale invariance for adversarial attacks},
  author={Lin, Jiadong and Song, Chuanbiao and He, Kun and Wang, Liwei and Hopcroft, John E},
  journal={arXiv preprint arXiv:1908.06281},
  year={2019}
}
@inproceedings{nesterov1983method,
  title={A method for unconstrained convex minimization problem with the rate of convergence O (1/k\^{} 2)},
  author={Nesterov, Yurii},
  booktitle={Doklady an ussr},
  volume={269},
  pages={543--547},
  year={1983}
}
@inproceedings{yuan2021meta,
  title={Meta gradient adversarial attack},
  author={Yuan, Zheng and Zhang, Jie and Jia, Yunpei and Tan, Chuanqi and Xue, Tao and Shan, Shiguang},
  booktitle={Proceedings of the IEEE/CVF International Conference on Computer Vision},
  pages={7748--7757},
  year={2021}
}

@inproceedings{finn2017model,
  title={Model-agnostic meta-learning for fast adaptation of deep networks},
  author={Finn, Chelsea and Abbeel, Pieter and Levine, Sergey},
  booktitle={International conference on machine learning},
  pages={1126--1135},
  year={2017},
  organization={PMLR}
}
@article{nichol2018first,
  title={On first-order meta-learning algorithms},
  author={Nichol, Alex and Achiam, Joshua and Schulman, John},
  journal={arXiv preprint arXiv:1803.02999},
  year={2018}
}
@inproceedings{he2016deep,
  title={Deep residual learning for image recognition},
  author={He, Kaiming and Zhang, Xiangyu and Ren, Shaoqing and Sun, Jian},
  booktitle={Proceedings of the IEEE conference on computer vision and pattern recognition},
  pages={770--778},
  year={2016}
}
@inproceedings{liu2018signsgd,
  title={signSGD via zeroth-order oracle},
  author={Liu, Sijia and Chen, Pin-Yu and Chen, Xiangyi and Hong, Mingyi},
  booktitle={International Conference on Learning Representations},
  pages={1--24},
  year={2018}
}
@inproceedings{szegedy2017inception,
  title={Inception-v4, inception-resnet and the impact of residual connections on learning},
  author={Szegedy, Christian and Ioffe, Sergey and Vanhoucke, Vincent and Alemi, Alexander A},
  booktitle={Thirty-first AAAI conference on artificial intelligence},
  pages={4278--4284},
  year={2017}
}
@article{howard2017mobilenets,
  title={Mobilenets: Efficient convolutional neural networks for mobile vision applications},
  author={Howard, Andrew G and Zhu, Menglong and Chen, Bo and Kalenichenko, Dmitry and Wang, Weijun and Weyand, Tobias and Andreetto, Marco and Adam, Hartwig},
  journal={arXiv preprint arXiv:1704.04861},
  year={2017}
}
@inproceedings{al2019sign,
  title={Sign bits are all you need for black-box attacks},
  author={Al-Dujaili, Abdullah and O'Reilly, Una-May},
  booktitle={International Conference on Learning Representations},
  pages={1--21},
  year={2019}
}
@article{wang2020spanning,
  title={Spanning attack: reinforce black-box attacks with unlabeled data},
  author={Wang, Lu and Zhang, Huan and Yi, Jinfeng and Hsieh, Cho-Jui and Jiang, Yuan},
  journal={Machine Learning},
  volume={109},
  number={12},
  pages={2349--2368},
  year={2020},
  publisher={Springer}
}
@inproceedings{sandler2018mobilenetv2,
  title={Mobilenetv2: Inverted residuals and linear bottlenecks},
  author={Sandler, Mark and Howard, Andrew and Zhu, Menglong and Zhmoginov, Andrey and Chen, Liang-Chieh},
  booktitle={Proceedings of the IEEE conference on computer vision and pattern recognition},
  pages={4510--4520},
  year={2018}
}
@inproceedings{liao2018defense,
  title={Defense against adversarial attacks using high-level representation guided denoiser},
  author={Liao, Fangzhou and Liang, Ming and Dong, Yinpeng and Pang, Tianyu and Hu, Xiaolin and Zhu, Jun},
  booktitle={Proceedings of the IEEE conference on computer vision and pattern recognition},
  pages={1778--1787},
  year={2018}
}
@article{xie2017mitigating,
  title={Mitigating adversarial effects through randomization},
  author={Xie, Cihang and Wang, Jianyu and Zhang, Zhishuai and Ren, Zhou and Yuille, Alan},
  journal={arXiv preprint arXiv:1711.01991},
  year={2017}
}
@inproceedings{liu2019feature,
  title={Feature distillation: Dnn-oriented jpeg compression against adversarial examples},
  author={Liu, Zihao and Liu, Qi and Liu, Tao and Xu, Nuo and Lin, Xue and Wang, Yanzhi and Wen, Wujie},
  booktitle={2019 IEEE/CVF Conference on Computer Vision and Pattern Recognition (CVPR)},
  pages={860--868},
  year={2019},
  organization={IEEE}
}
@inproceedings{jia2019comdefend,
  title={Comdefend: An efficient image compression model to defend adversarial examples},
  author={Jia, Xiaojun and Wei, Xingxing and Cao, Xiaochun and Foroosh, Hassan},
  booktitle={Proceedings of the IEEE/CVF conference on computer vision and pattern recognition},
  pages={6084--6092},
  year={2019}
}
@inproceedings{cohen2019certified,
  title={Certified adversarial robustness via randomized smoothing},
  author={Cohen, Jeremy and Rosenfeld, Elan and Kolter, Zico},
  booktitle={International Conference on Machine Learning},
  pages={1310--1320},
  year={2019},
  organization={PMLR}
}
@article{李俊杰2020感知相似的图像分类对抗样本生成模型,
  title={感知相似的图像分类对抗样本生成模型},
  author={李俊杰 and 王茜},
  journal={计算机科学与探索},
  volume={14},
  number={11},
  pages={1930--1942},
  year={2020},
  language={zh}
}